time,bid_price,ask_price,bid_size,ask_size,seq_num
2019-09-16 22:10:16.494563 UTC,0.27,0.275,3944800,3777600,1568671807407775468
2019-09-17 00:30:00.110200 UTC,0.275,0.275,4000000,3777600,1568671807407775470
2019-09-17 00:30:00.112431 UTC,0.275,0.275,4000000,7777600,1568671807407775471
2019-09-17 00:30:00.124114 UTC,0.275,0.275,4080000,7777600,1568671807407775472
2019-09-17 00:30:00.128527 UTC,0.275,0.275,4160000,7777600,1568671807407775474
2019-09-17 00:30:00.130285 UTC,0.275,0.275,4240000,7777600,1568671807407775476
2019-09-17 00:30:00.132800 UTC,0.275,0.275,4320000,7777600,1568671807407775478
2019-09-17 00:30:00.163869 UTC,0.275,0.275,4320000,7821300,1568671807407775483
2019-09-17 00:30:00.199296 UTC,0.275,0.275,4320200,7821300,1568671807407775485
2019-09-17 00:30:00.199930 UTC,0.275,0.275,4320200,7913400,1568671807407775487
2019-09-17 00:30:00.200325 UTC,0.275,0.275,4320200,7939600,1568671807407775488
2019-09-17 00:30:00.201954 UTC,0.275,0.275,4320200,7940800,1568671807407775489
2019-09-17 00:30:00.203313 UTC,0.275,0.275,4320200,7983300,1568671807407775490
2019-09-17 00:30:00.569631 UTC,0.275,0.275,4338900,7983300,1568671807407775496
2019-09-17 00:30:01.024020 UTC,0.275,0.275,4258900,7983300,1568671807407775501
2019-09-17 00:30:01.024170 UTC,0.275,0.275,4178900,7983300,1568671807407775502
2019-09-17 00:30:01.024249 UTC,0.275,0.275,4098900,7983300,1568671807407775503
2019-09-17 00:30:01.143419 UTC,0.275,0.275,4099300,7983300,1568671807407775507
2019-09-17 00:30:01.215060 UTC,0.275,0.275,4099300,8083300,1568671807407775510
2019-09-17 00:30:01.324225 UTC,0.27,0.27,8254300,4187400,1568671807407775532
2019-09-17 00:30:01.490002 UTC,0.27,0.27,8264300,4187400,1568671807407775535
2019-09-17 00:30:03.260759 UTC,0.27,0.27,8265800,4187400,1568671807407775547
2019-09-17 00:30:03.422669 UTC,0.27,0.27,8266800,4187400,1568671807407775551
2019-09-17 00:30:08.302795 UTC,0.27,0.27,8266800,4213600,1568671807407775578
2019-09-17 00:30:08.647673 UTC,0.27,0.27,8460800,4213600,1568671807407775582
2019-09-17 00:30:09.742141 UTC,0.27,0.27,8480800,4213600,1568671807407775588
2019-09-17 00:30:10.739295 UTC,0.27,0.27,8495800,4213600,1568671807407775590
2019-09-17 00:30:30.081239 UTC,0.27,0.27,8496300,4213600,1568671807407775610
2019-09-17 00:30:30.125360 UTC,0.27,0.27,8520900,4213600,1568671807407775611
2019-09-17 00:30:30.990833 UTC,0.275,0.275,4265900,8353900,1568671807407775641
2019-09-17 00:30:31.191877 UTC,0.27,0.27,8588600,4213600,1568671807407775674
2019-09-17 00:30:44.182379 UTC,0.27,0.27,8601600,4213600,1568671807407775678
2019-09-17 00:32:00.108892 UTC,0.27,0.27,8601600,4730000,1568671807407775684
2019-09-17 00:33:24.480888 UTC,0.27,0.27,8602300,4730000,1568671807407775685
2019-09-17 00:34:00.097320 UTC,0.27,0.27,8602300,4764500,1568671807407775686
2019-09-17 00:34:05.143213 UTC,0.27,0.27,8630900,4764500,1568671807407775687
2019-09-17 00:34:05.660583 UTC,0.27,0.27,8660900,4764500,1568671807407775688
2019-09-17 00:36:00.097995 UTC,0.27,0.27,8660900,4766800,1568671807407775689
2019-09-17 00:37:31.388348 UTC,0.27,0.27,8632300,4766800,1568671807407775690
2019-09-17 00:38:00.098736 UTC,0.27,0.27,8632300,4766900,1568671807407775691
2019-09-17 00:42:40.760881 UTC,0.27,0.27,8672300,4766900,1568671807407775722
2019-09-17 00:46:58.821150 UTC,0.27,0.27,8672300,4770300,1568671807407775725
2019-09-17 00:46:58.839648 UTC,0.27,0.27,8672300,4770800,1568671807407775726
2019-09-17 00:47:35.620826 UTC,0.27,0.27,8669800,4770800,1568671807407775727
2019-09-17 00:47:35.621912 UTC,0.27,0.27,8667300,4770800,1568671807407775728
2019-09-17 00:47:35.623014 UTC,0.27,0.27,8664800,4770800,1568671807407775729
2019-09-17 00:47:35.624143 UTC,0.27,0.27,8662300,4770800,1568671807407775730
2019-09-17 00:50:00.862244 UTC,0.27,0.27,8662300,4777100,1568671807407775733
2019-09-17 00:50:16.278955 UTC,0.27,0.27,8662300,4805500,1568671807407775734
2019-09-17 00:50:58.841603 UTC,0.27,0.27,8662300,4810100,1568671807407775735
2019-09-17 00:52:10.154769 UTC,0.27,0.27,8662400,4810100,1568671807407775736
2019-09-17 00:52:58.842546 UTC,0.27,0.27,8662400,4810400,1568671807407775738
2019-09-17 00:54:58.842974 UTC,0.27,0.27,8662400,4810500,1568671807407775739
2019-09-17 00:55:50.068178 UTC,0.27,0.27,8662400,4810800,1568671807407775747
2019-09-17 00:56:30.035667 UTC,0.27,0.27,8662400,4810500,1568671807407775748
2019-09-17 00:56:48.370023 UTC,0.27,0.27,8662400,4840500,1568671807407775749
2019-09-17 00:56:50.064605 UTC,0.27,0.27,8751200,4840500,1568671807407775750
2019-09-17 00:56:58.843485 UTC,0.27,0.27,8751200,4844500,1568671807407775752
2019-09-17 00:57:00.019582 UTC,0.27,0.27,8751200,4844700,1568671807407775753
2019-09-17 00:57:25.247678 UTC,0.27,0.27,8751200,4845000,1568671807407775756
2019-09-17 00:57:25.339897 UTC,0.27,0.27,8751200,4845100,1568671807407775757
2019-09-17 00:57:51.793169 UTC,0.27,0.27,8751300,4845100,1568671807407775761
2019-09-17 00:57:54.179030 UTC,0.27,0.27,8801300,4845100,1568671807407775763
2019-09-17 00:57:57.532109 UTC,0.27,0.27,8907700,4845100,1568671807407775766
2019-09-17 00:57:58.426333 UTC,0.27,0.27,8907700,4972000,1568671807407775767
2019-09-17 00:57:58.897139 UTC,0.27,0.27,8927200,4972000,1568671807407775768
2019-09-17 00:57:58.897616 UTC,0.27,0.27,8972600,4972000,1568671807407775769
2019-09-17 00:57:58.975955 UTC,0.27,0.27,8992100,4972000,1568671807407775770
2019-09-17 00:57:59.898320 UTC,0.275,0.275,4468600,5632800,1568671807407775849
2019-09-17 00:57:59.900649 UTC,0.275,0.275,4468600,5630900,1568671807407775850
2019-09-17 00:57:59.916227 UTC,0.275,0.275,4388600,5630900,1568671807407775852
2019-09-17 00:57:59.916298 UTC,0.275,0.275,4320900,5630900,1568671807407775853
2019-09-17 00:57:59.928360 UTC,0.275,0.275,4320900,5130900,1568671807407775856
2019-09-17 00:57:59.929104 UTC,0.275,0.275,4320900,4171500,1568671807407775857
2019-09-17 00:57:59.929232 UTC,0.275,0.275,4320900,4121500,1568671807407775858
2019-09-17 00:57:59.929310 UTC,0.275,0.275,4320900,4192600,1568671807407775859
2019-09-17 00:57:59.933683 UTC,0.27,0.27,4843500,972000,1568671807407775932
2019-09-17 00:57:59.951044 UTC,0.27,0.27,4843600,972000,1568671807407775933
2019-09-17 00:57:59.954797 UTC,0.27,0.27,4844400,972000,1568671807407775937
2019-09-17 00:57:59.955425 UTC,0.27,0.27,4964600,972000,1568671807407775938
2019-09-17 00:58:00.059708 UTC,0.27,0.27,4994600,972000,1568671807407775945
2019-09-17 00:58:00.139571 UTC,0.27,0.27,4994600,978000,1568671807407775946
2019-09-17 00:58:00.161842 UTC,0.27,0.27,5134600,978000,1568671807407775947
2019-09-17 00:58:00.351763 UTC,0.27,0.27,5134600,972000,1568671807407775948
2019-09-17 00:58:04.296928 UTC,0.27,0.27,5134600,988200,1568671807407775953
2019-09-17 00:58:13.525511 UTC,0.27,0.27,5104600,988200,1568671807407775955
2019-09-17 00:58:13.528940 UTC,0.27,0.27,5119600,988200,1568671807407775956
2019-09-17 00:58:13.531204 UTC,0.27,0.27,5104600,988200,1568671807407775957
2019-09-17 00:58:13.533609 UTC,0.27,0.27,5112100,988200,1568671807407775958
2019-09-17 00:58:13.536054 UTC,0.27,0.27,5104600,988200,1568671807407775959
2019-09-17 00:58:13.539079 UTC,0.27,0.27,5108400,988200,1568671807407775960
2019-09-17 00:58:13.540975 UTC,0.27,0.27,5104600,988200,1568671807407775961
2019-09-17 00:58:13.543489 UTC,0.27,0.27,5106500,988200,1568671807407775962
2019-09-17 00:58:13.546171 UTC,0.27,0.27,5104600,988200,1568671807407775963
2019-09-17 00:58:13.549537 UTC,0.27,0.27,5105600,988200,1568671807407775964
2019-09-17 00:58:13.551888 UTC,0.27,0.27,5104600,988200,1568671807407775965
2019-09-17 00:58:13.553549 UTC,0.27,0.27,5105100,988200,1568671807407775966
2019-09-17 00:58:13.556274 UTC,0.27,0.27,5104600,988200,1568671807407775967
2019-09-17 00:58:13.557883 UTC,0.27,0.27,4984400,988200,1568671807407775968
2019-09-17 00:58:13.562202 UTC,0.27,0.27,4984700,988200,1568671807407775969
2019-09-17 00:58:13.562267 UTC,0.27,0.27,4984400,988200,1568671807407775970
2019-09-17 00:58:13.564604 UTC,0.27,0.27,4984600,988200,1568671807407775971
2019-09-17 00:58:13.567121 UTC,0.27,0.27,4984400,988200,1568671807407775972
2019-09-17 00:58:13.569768 UTC,0.27,0.27,4984500,988200,1568671807407775973
2019-09-17 00:58:13.573043 UTC,0.27,0.27,4984400,988200,1568671807407775974
2019-09-17 00:58:16.038126 UTC,0.27,0.27,4984400,989100,1568671807407775976
2019-09-17 00:58:17.142113 UTC,0.27,0.27,4984400,996700,1568671807407775979
2019-09-17 00:58:17.291035 UTC,0.27,0.27,4984400,896700,1568671807407775980
2019-09-17 00:58:26.588381 UTC,0.27,0.275,3981300,4328900,1568671807407776088
2019-09-17 01:00:00.265799 UTC,0.27,0.275,3981300,4419100,1568671807407776127
2019-09-17 01:00:00.270195 UTC,0.27,0.275,3981300,4298900,1568671807407776128
2019-09-17 01:00:00.283773 UTC,0.27,0.275,3981300,4358900,1568671807407776131
2019-09-17 01:00:00.284125 UTC,0.27,0.275,4181300,4358900,1568671807407776132
2019-09-17 01:00:00.284311 UTC,0.27,0.275,4181300,4558900,1568671807407776134
2019-09-17 01:00:00.293715 UTC,0.27,0.275,4182300,4558900,1568671807407776137
2019-09-17 01:00:00.294529 UTC,0.27,0.275,4182300,4563900,1568671807407776138
2019-09-17 01:00:00.296379 UTC,0.27,0.275,4182300,4579600,1568671807407776139
2019-09-17 01:00:00.298625 UTC,0.27,0.275,4185000,4579600,1568671807407776140
2019-09-17 01:00:00.305725 UTC,0.27,0.275,4202600,4579600,1568671807407776141
2019-09-17 01:00:00.362443 UTC,0.27,0.275,4202600,4602200,1568671807407776142
2019-09-17 01:00:00.380136 UTC,0.27,0.275,4202600,4638400,1568671807407776143
2019-09-17 01:00:00.405307 UTC,0.27,0.275,4183100,4638400,1568671807407776144
2019-09-17 01:00:00.424573 UTC,0.27,0.275,4183100,4645800,1568671807407776145
2019-09-17 01:00:00.429581 UTC,0.27,0.275,4163600,4645800,1568671807407776146
2019-09-17 01:00:00.529823 UTC,0.27,0.275,4164200,4645800,1568671807407776149
2019-09-17 01:00:00.830398 UTC,0.27,0.275,4209100,4645800,1568671807407776150
2019-09-17 01:00:01.914843 UTC,0.27,0.275,4179100,4645800,1568671807407776155
2019-09-17 01:00:05.155764 UTC,0.27,0.275,4179100,4721100,1568671807407776158
2019-09-17 01:00:09.457745 UTC,0.27,0.275,4179100,4725200,1568671807407776159
2019-09-17 01:00:13.261793 UTC,0.27,0.275,4179100,4625200,1568671807407776160
2019-09-17 01:00:25.778665 UTC,0.27,0.275,4179600,4625200,1568671807407776168
2019-09-17 01:00:34.951088 UTC,0.27,0.275,4179800,4625200,1568671807407776169
2019-09-17 01:00:41.277875 UTC,0.27,0.275,4179800,4625100,1568671807407776171
2019-09-17 01:01:00.122512 UTC,0.27,0.275,4180000,4625100,1568671807407776176
2019-09-17 01:01:00.130025 UTC,0.27,0.275,4184900,4625100,1568671807407776177
2019-09-17 01:01:03.056588 UTC,0.27,0.275,4184900,5229000,1568671807407776178
2019-09-17 01:01:06.838968 UTC,0.27,0.275,4184900,5232000,1568671807407776182
2019-09-17 01:01:11.194334 UTC,0.27,0.275,4204900,5232000,1568671807407776183
2019-09-17 01:01:21.278042 UTC,0.27,0.275,4204900,5231900,1568671807407776184
2019-09-17 01:01:41.277867 UTC,0.27,0.275,4204900,5231800,1568671807407776185
2019-09-17 01:01:56.509867 UTC,0.27,0.275,4204400,5231800,1568671807407776186
2019-09-17 01:02:00.128935 UTC,0.27,0.275,4209300,5231800,1568671807407776187
2019-09-17 01:02:00.729638 UTC,0.27,0.275,4209400,5231800,1568671807407776188
2019-09-17 01:02:08.364553 UTC,0.27,0.275,4159400,5231800,1568671807407776189
2019-09-17 01:02:10.217838 UTC,0.27,0.275,4159400,5166300,1568671807407776191
2019-09-17 01:02:12.330046 UTC,0.27,0.275,4159400,5177400,1568671807407776192
2019-09-17 01:02:14.951086 UTC,0.27,0.275,4159600,5177400,1568671807407776198
2019-09-17 01:02:17.333449 UTC,0.27,0.275,4059600,5177400,1568671807407776199
2019-09-17 01:02:20.108773 UTC,0.27,0.275,4059800,5177400,1568671807407776201
2019-09-17 01:03:00.131758 UTC,0.27,0.275,4064700,5177400,1568671807407776203
2019-09-17 01:03:06.230524 UTC,0.27,0.275,4064700,5477500,1568671807407776204
2019-09-17 01:03:20.101993 UTC,0.27,0.275,4064900,5477500,1568671807407776205
2019-09-17 01:03:32.706154 UTC,0.27,0.275,4064800,5477500,1568671807407776207
2019-09-17 01:03:36.037964 UTC,0.27,0.275,4065100,5477500,1568671807407776208
2019-09-17 01:03:58.329388 UTC,0.27,0.275,4065100,5482700,1568671807407776210
2019-09-17 01:04:00.130987 UTC,0.27,0.275,4070000,5482700,1568671807407776211
2019-09-17 01:04:00.573297 UTC,0.27,0.275,4053800,5482700,1568671807407776212
2019-09-17 01:04:07.838456 UTC,0.27,0.275,4053800,5485200,1568671807407776214
2019-09-17 01:04:20.105966 UTC,0.27,0.275,4054000,5485200,1568671807407776215
2019-09-17 01:04:43.108809 UTC,0.27,0.275,4074000,5485200,1568671807407776216
2019-09-17 01:05:00.007816 UTC,0.27,0.275,4076600,5485200,1568671807407776217
2019-09-17 01:05:00.014878 UTC,0.27,0.275,4076600,5480600,1568671807407776218
2019-09-17 01:05:15.951369 UTC,0.27,0.275,4076700,5480600,1568671807407776224
2019-09-17 01:05:21.212457 UTC,0.27,0.275,4077100,5480600,1568671807407776225
2019-09-17 01:05:26.754604 UTC,0.27,0.275,4077100,5517400,1568671807407776226
2019-09-17 01:05:50.774319 UTC,0.27,0.275,4077100,5517200,1568671807407776228
2019-09-17 01:05:55.501870 UTC,0.27,0.275,4027700,5517200,1568671807407776230
2019-09-17 01:05:56.055993 UTC,0.27,0.275,4027700,5512900,1568671807407776232
2019-09-17 01:05:56.059555 UTC,0.27,0.275,4023400,5512900,1568671807407776233
2019-09-17 01:05:57.056436 UTC,0.27,0.275,4023400,5509200,1568671807407776235
2019-09-17 01:05:57.060045 UTC,0.27,0.275,4019700,5509200,1568671807407776236
2019-09-17 01:06:20.606829 UTC,0.27,0.275,4024200,5509200,1568671807407776238
2019-09-17 01:06:33.286907 UTC,0.27,0.275,4023900,5509200,1568671807407776239
2019-09-17 01:06:39.584244 UTC,0.27,0.275,4023900,5516400,1568671807407776240
2019-09-17 01:06:46.454171 UTC,0.27,0.275,4023900,5512000,1568671807407776241
2019-09-17 01:06:54.493759 UTC,0.27,0.275,4002200,5512000,1568671807407776243
2019-09-17 01:06:55.056934 UTC,0.27,0.275,4002200,5508400,1568671807407776245
2019-09-17 01:06:55.061495 UTC,0.27,0.275,3998600,5508400,1568671807407776246
2019-09-17 01:06:56.817572 UTC,0.27,0.275,3984800,5508400,1568671807407776248
2019-09-17 01:07:08.838374 UTC,0.27,0.275,3984800,5510800,1568671807407776250
2019-09-17 01:07:10.776566 UTC,0.27,0.275,3985000,5510800,1568671807407776251
2019-09-17 01:07:46.473898 UTC,0.27,0.275,3885000,5510800,1568671807407776254
2019-09-17 01:07:51.497742 UTC,0.27,0.275,3853600,5510800,1568671807407776255
2019-09-17 01:07:54.056668 UTC,0.27,0.275,3853600,5507600,1568671807407776257
2019-09-17 01:07:54.061109 UTC,0.27,0.275,3850400,5507600,1568671807407776258
2019-09-17 01:08:16.951014 UTC,0.27,0.275,3850600,5507600,1568671807407776261
2019-09-17 01:08:50.555589 UTC,0.27,0.275,3844600,5507600,1568671807407776262
2019-09-17 01:08:51.830107 UTC,0.27,0.275,3844700,5507600,1568671807407776265
2019-09-17 01:08:55.057204 UTC,0.27,0.275,3844700,5504500,1568671807407776266
2019-09-17 01:08:55.061363 UTC,0.27,0.275,3841600,5504500,1568671807407776267
2019-09-17 01:08:57.519059 UTC,0.27,0.275,3841600,5512700,1568671807407776270
2019-09-17 01:09:17.056867 UTC,0.27,0.275,3841600,4930000,1568671807407776272
2019-09-17 01:09:42.837214 UTC,0.27,0.275,3841800,4930000,1568671807407776274
2019-09-17 01:09:52.333868 UTC,0.27,0.275,3841800,4925500,1568671807407776276
2019-09-17 01:09:54.058036 UTC,0.27,0.275,3838700,4925500,1568671807407776278
2019-09-17 01:09:54.058221 UTC,0.27,0.275,3838700,4922400,1568671807407776279
2019-09-17 01:10:09.838233 UTC,0.27,0.275,3838700,4924000,1568671807407776281
2019-09-17 01:10:18.057453 UTC,0.27,0.275,3838700,5506700,1568671807407776282
2019-09-17 01:10:25.571622 UTC,0.27,0.275,3838700,5532200,1568671807407776283
2019-09-17 01:10:25.719791 UTC,0.27,0.275,3838700,5532000,1568671807407776284
2019-09-17 01:10:26.222557 UTC,0.27,0.275,3838900,5532000,1568671807407776286
2019-09-17 01:10:32.088977 UTC,0.27,0.275,3838800,5532000,1568671807407776287
2019-09-17 01:10:52.561533 UTC,0.27,0.275,3838300,5532000,1568671807407776288
2019-09-17 01:11:07.282320 UTC,0.27,0.275,3838300,5564700,1568671807407776290
2019-09-17 01:11:07.653783 UTC,0.27,0.275,3841900,5564700,1568671807407776291
2019-09-17 01:11:13.305517 UTC,0.27,0.275,3842000,5564700,1568671807407776292
2019-09-17 01:11:17.950679 UTC,0.27,0.275,3842100,5564700,1568671807407776294
2019-09-17 01:11:21.440811 UTC,0.27,0.275,3832100,5564700,1568671807407776295
2019-09-17 01:11:56.415156 UTC,0.27,0.275,3829500,5564700,1568671807407776296
2019-09-17 01:12:00.141234 UTC,0.27,0.275,3829500,5567900,1568671807407776298
2019-09-17 01:12:19.168652 UTC,0.27,0.275,3829600,5567900,1568671807407776299
2019-09-17 01:12:40.007021 UTC,0.27,0.275,3829600,5564800,1568671807407776300
2019-09-17 01:12:40.007249 UTC,0.27,0.275,3829100,5564800,1568671807407776301
2019-09-17 01:12:41.096443 UTC,0.27,0.275,3829100,5560400,1568671807407776303
2019-09-17 01:12:42.057249 UTC,0.27,0.275,3829100,5556900,1568671807407776305
2019-09-17 01:12:42.061449 UTC,0.27,0.275,3825600,5556900,1568671807407776306
2019-09-17 01:12:53.363590 UTC,0.27,0.275,3820100,5556900,1568671807407776309
2019-09-17 01:12:55.869910 UTC,0.27,0.275,3820100,5562000,1568671807407776311
2019-09-17 01:12:58.260364 UTC,0.27,0.275,3820100,5561900,1568671807407776312
2019-09-17 01:13:09.117625 UTC,0.27,0.275,3820100,5603000,1568671807407776313
2019-09-17 01:13:10.839127 UTC,0.27,0.275,3820100,5604500,1568671807407776314
2019-09-17 01:13:30.118625 UTC,0.27,0.275,3820100,5604300,1568671807407776315
2019-09-17 01:13:34.918751 UTC,0.27,0.275,3807400,5604300,1568671807407776316
2019-09-17 01:13:34.980806 UTC,0.27,0.275,3807400,5599200,1568671807407776318
2019-09-17 01:13:34.983712 UTC,0.27,0.275,3807400,5598400,1568671807407776319
2019-09-17 01:13:35.057167 UTC,0.27,0.275,3807400,5595000,1568671807407776320
2019-09-17 01:13:35.062066 UTC,0.27,0.275,3804000,5595000,1568671807407776321
2019-09-17 01:13:37.226174 UTC,0.27,0.275,3804000,5594600,1568671807407776323
2019-09-17 01:13:49.559347 UTC,0.27,0.275,3803900,5594600,1568671807407776324
2019-09-17 01:13:51.359825 UTC,0.27,0.275,3803700,5594600,1568671807407776325
2019-09-17 01:13:59.149902 UTC,0.27,0.275,3803700,5594300,1568671807407776327
2019-09-17 01:14:02.599969 UTC,0.27,0.275,3803900,5594300,1568671807407776330
2019-09-17 01:14:18.951222 UTC,0.27,0.275,3804000,5594300,1568671807407776331
2019-09-17 01:14:22.575291 UTC,0.27,0.275,3804000,5594100,1568671807407776332
2019-09-17 01:15:17.013940 UTC,0.27,0.275,3804100,5594100,1568671807407776335
2019-09-17 01:15:23.893936 UTC,0.27,0.275,3804300,5594100,1568671807407776336
2019-09-17 01:15:24.192308 UTC,0.27,0.275,3804300,5589700,1568671807407776337
2019-09-17 01:15:25.418811 UTC,0.27,0.275,3804300,5607000,1568671807407776339
2019-09-17 01:16:04.524658 UTC,0.27,0.275,3804300,5609600,1568671807407776341
2019-09-17 01:16:10.115799 UTC,0.27,0.275,3804300,5609500,1568671807407776342
2019-09-17 01:16:11.839471 UTC,0.27,0.275,3804300,5610800,1568671807407776343
2019-09-17 01:16:28.056947 UTC,0.27,0.275,3804300,5053100,1568671807407776344
2019-09-17 01:16:31.115595 UTC,0.27,0.275,3804300,5052900,1568671807407776345
2019-09-17 01:16:49.612527 UTC,0.27,0.275,3804200,5052900,1568671807407776346
2019-09-17 01:16:51.115729 UTC,0.27,0.275,3804200,5052800,1568671807407776347
2019-09-17 01:16:52.139816 UTC,0.27,0.275,3804500,5052800,1568671807407776348
2019-09-17 01:17:01.773788 UTC,0.27,0.275,3604500,5052800,1568671807407776349
2019-09-17 01:17:10.115698 UTC,0.27,0.275,3604500,5052600,1568671807407776350
2019-09-17 01:17:11.957113 UTC,0.27,0.275,3604500,4932600,1568671807407776351
2019-09-17 01:17:19.950258 UTC,0.27,0.275,3604600,4932600,1568671807407776352
2019-09-17 01:17:22.573695 UTC,0.27,0.275,3604600,4932400,1568671807407776353
2019-09-17 01:17:30.057270 UTC,0.27,0.275,3604600,5490100,1568671807407776355
2019-09-17 01:17:31.115334 UTC,0.27,0.275,3604600,5489900,1568671807407776356
2019-09-17 01:17:40.940281 UTC,0.27,0.275,3604600,5485400,1568671807407776357
2019-09-17 01:18:11.115830 UTC,0.27,0.275,3604600,5485300,1568671807407776359
2019-09-17 01:18:24.742532 UTC,0.27,0.275,3604300,5485300,1568671807407776360
2019-09-17 01:18:31.115806 UTC,0.27,0.275,3604300,5485200,1568671807407776361
2019-09-17 01:18:33.951149 UTC,0.27,0.275,3604400,5485200,1568671807407776363
2019-09-17 01:18:46.926363 UTC,0.27,0.275,3643400,5485200,1568671807407776364
2019-09-17 01:18:51.116251 UTC,0.27,0.275,3643400,5485000,1568671807407776365
2019-09-17 01:19:11.116033 UTC,0.27,0.275,3643400,5484800,1568671807407776366
2019-09-17 01:19:12.839184 UTC,0.27,0.275,3643400,5486100,1568671807407776367
2019-09-17 01:19:31.115871 UTC,0.27,0.275,3643400,5485900,1568671807407776368
2019-09-17 01:19:43.839686 UTC,0.27,0.275,3643400,5486100,1568671807407776370
2019-09-17 01:19:51.115656 UTC,0.27,0.275,3643400,5485900,1568671807407776371
2019-09-17 01:19:56.753208 UTC,0.27,0.275,3643400,5481500,1568671807407776372
2019-09-17 01:20:02.567398 UTC,0.27,0.275,3643400,5481300,1568671807407776374
2019-09-17 01:20:08.965561 UTC,0.27,0.275,3643400,5486300,1568671807407776376
2019-09-17 01:20:09.468693 UTC,0.27,0.275,3604400,5486300,1568671807407776377
2019-09-17 01:20:14.838965 UTC,0.27,0.275,3604400,5486500,1568671807407776379
2019-09-17 01:20:22.815890 UTC,0.27,0.275,3604500,5486500,1568671807407776380
2019-09-17 01:20:36.773075 UTC,0.27,0.275,3612000,5486500,1568671807407776381
2019-09-17 01:20:45.838966 UTC,0.27,0.275,3612000,5486700,1568671807407776384
2019-09-17 01:20:51.115787 UTC,0.27,0.275,3612000,5486500,1568671807407776385
2019-09-17 01:21:02.566589 UTC,0.27,0.275,3612000,5485400,1568671807407776386
2019-09-17 01:21:04.938454 UTC,0.27,0.275,3612000,5493700,1568671807407776387
2019-09-17 01:21:11.116444 UTC,0.27,0.275,3612000,5493500,1568671807407776388
2019-09-17 01:21:16.838539 UTC,0.27,0.275,3612000,5493700,1568671807407776390
2019-09-17 01:21:21.841116 UTC,0.27,0.275,3556000,5493700,1568671807407776391
2019-09-17 01:21:22.006574 UTC,0.27,0.275,3555400,5493700,1568671807407776393
2019-09-17 01:21:22.006861 UTC,0.27,0.275,3555400,5490200,1568671807407776394
2019-09-17 01:21:22.056036 UTC,0.27,0.275,3555400,5481900,1568671807407776396
2019-09-17 01:21:22.060003 UTC,0.27,0.275,3547100,5481900,1568671807407776397
2019-09-17 01:21:23.057464 UTC,0.27,0.275,3547100,5478700,1568671807407776400
2019-09-17 01:21:23.062276 UTC,0.27,0.275,3543900,5478700,1568671807407776401
2019-09-17 01:21:25.549927 UTC,0.27,0.275,3543900,5473700,1568671807407776403
2019-09-17 01:21:37.056940 UTC,0.27,0.275,3543900,4927500,1568671807407776404
2019-09-17 01:21:37.057068 UTC,0.27,0.275,3543900,4911100,1568671807407776405
2019-09-17 01:21:47.838534 UTC,0.27,0.275,3543900,4911400,1568671807407776408
2019-09-17 01:21:48.950686 UTC,0.27,0.275,3544000,4911400,1568671807407776410
2019-09-17 01:21:56.029946 UTC,0.27,0.275,4044000,4911400,1568671807407776412
2019-09-17 01:21:59.966819 UTC,0.27,0.275,4044000,4511400,1568671807407776413
2019-09-17 01:22:06.612178 UTC,0.27,0.275,4044000,4512400,1568671807407776414
2019-09-17 01:22:18.838953 UTC,0.27,0.275,4044000,4512600,1568671807407776417
2019-09-17 01:22:37.057029 UTC,0.27,0.275,4044000,5075200,1568671807407776419
2019-09-17 01:22:49.838635 UTC,0.27,0.275,4044000,5075400,1568671807407776422
2019-09-17 01:23:02.554156 UTC,0.27,0.275,4044000,5075200,1568671807407776424
2019-09-17 01:23:05.798830 UTC,0.27,0.275,4044000,5077600,1568671807407776426
2019-09-17 01:23:18.395615 UTC,0.27,0.275,4049300,5077600,1568671807407776427
2019-09-17 01:23:20.838345 UTC,0.27,0.275,4049300,5077800,1568671807407776429
2019-09-17 01:23:51.838524 UTC,0.27,0.275,4049300,5078000,1568671807407776431
2019-09-17 01:23:56.111034 UTC,0.27,0.275,4086300,5078000,1568671807407776432
2019-09-17 01:23:57.083931 UTC,0.27,0.275,4086300,5078600,1568671807407776433
2019-09-17 01:24:20.137742 UTC,0.27,0.275,4086300,5078000,1568671807407776434
2019-09-17 01:24:20.213426 UTC,0.27,0.275,4085700,5078000,1568671807407776435
2019-09-17 01:24:45.807034 UTC,0.27,0.275,4085700,5079900,1568671807407776441
2019-09-17 01:24:46.839224 UTC,0.27,0.275,4085700,5080200,1568671807407776445
2019-09-17 01:24:55.730954 UTC,0.27,0.275,4085700,5075800,1568671807407776446
2019-09-17 01:25:02.591496 UTC,0.27,0.275,4071900,5075800,1568671807407776448
2019-09-17 01:25:02.693936 UTC,0.27,0.275,4071900,5070800,1568671807407776450
2019-09-17 01:25:02.696866 UTC,0.27,0.275,4071900,5069800,1568671807407776451
2019-09-17 01:25:02.740539 UTC,0.27,0.275,4071900,5067200,1568671807407776452
2019-09-17 01:25:03.056793 UTC,0.27,0.275,4071900,5063800,1568671807407776453
2019-09-17 01:25:03.060898 UTC,0.27,0.275,4068500,5063800,1568671807407776454
2019-09-17 01:25:05.949981 UTC,0.27,0.275,4068500,5063400,1568671807407776457
2019-09-17 01:25:20.838090 UTC,0.27,0.275,4068500,5063600,1568671807407776460
2019-09-17 01:25:24.950570 UTC,0.27,0.275,4068600,5063600,1568671807407776462
2019-09-17 01:25:51.838494 UTC,0.27,0.275,4068600,5063800,1568671807407776465
2019-09-17 01:26:02.564917 UTC,0.27,0.275,4068600,5063600,1568671807407776466
2019-09-17 01:26:03.427292 UTC,0.27,0.275,4068600,5062100,1568671807407776468
2019-09-17 01:26:20.386397 UTC,0.27,0.275,4072800,5062100,1568671807407776470
2019-09-17 01:26:22.839072 UTC,0.27,0.275,4072800,5062300,1568671807407776472
2019-09-17 01:26:25.795024 UTC,0.27,0.275,4072800,5064100,1568671807407776473
2019-09-17 01:26:53.838432 UTC,0.27,0.275,4072800,5064300,1568671807407776475
2019-09-17 01:26:54.474150 UTC,0.27,0.275,4072800,5064400,1568671807407776476
2019-09-17 01:27:21.008708 UTC,0.27,0.275,4072800,5066500,1568671807407776477
2019-09-17 01:27:21.183403 UTC,0.27,0.275,4072800,5062100,1568671807407776478
2019-09-17 01:27:24.839170 UTC,0.27,0.275,4072800,5062300,1568671807407776482
2019-09-17 01:27:44.891547 UTC,0.27,0.275,4068600,5062300,1568671807407776486
2019-09-17 01:28:24.928185 UTC,0.27,0.275,4068600,5062200,1568671807407776487
2019-09-17 01:28:26.839186 UTC,0.27,0.275,4068600,5062500,1568671807407776489
2019-09-17 01:28:45.810306 UTC,0.27,0.275,4068600,5065000,1568671807407776491
2019-09-17 01:28:57.838819 UTC,0.27,0.275,4068600,5065200,1568671807407776493
2019-09-17 01:29:02.579083 UTC,0.27,0.275,4068600,5065000,1568671807407776494
2019-09-17 01:29:28.838822 UTC,0.27,0.275,4068600,5065200,1568671807407776498
2019-09-17 01:29:33.950506 UTC,0.27,0.275,4068700,5065200,1568671807407776500
2019-09-17 01:29:46.261567 UTC,0.27,0.275,4068700,5060800,1568671807407776501
2019-09-17 01:30:00.838831 UTC,0.27,0.275,4068700,5061000,1568671807407776504
2019-09-17 01:30:28.663811 UTC,0.27,0.275,4068700,5065100,1568671807407776505
2019-09-17 01:30:30.220761 UTC,0.27,0.275,4068400,5065100,1568671807407776506
2019-09-17 01:30:30.229013 UTC,0.27,0.275,4060900,5059000,1568671807407776508
2019-09-17 01:30:30.241091 UTC,0.27,0.275,4055600,5059000,1568671807407776511
2019-09-17 01:30:31.056741 UTC,0.27,0.275,4055600,5055400,1568671807407776512
2019-09-17 01:30:31.060760 UTC,0.27,0.275,4052000,5055400,1568671807407776513
2019-09-17 01:30:31.102185 UTC,0.27,0.275,4052000,5055600,1568671807407776516
2019-09-17 01:30:53.334942 UTC,0.27,0.275,4052000,5055800,1568671807407776517
2019-09-17 01:30:56.604857 UTC,0.27,0.275,4040100,5055800,1568671807407776518
2019-09-17 01:31:06.838682 UTC,0.27,0.275,4040100,5056100,1568671807407776521
2019-09-17 01:31:12.006510 UTC,0.27,0.275,4040100,5052700,1568671807407776522
2019-09-17 01:31:12.006703 UTC,0.27,0.275,4040000,5052700,1568671807407776523
2019-09-17 01:31:16.489803 UTC,0.27,0.275,4040000,5052600,1568671807407776525
2019-09-17 01:31:31.006296 UTC,0.27,0.275,4040000,5052500,1568671807407776526
2019-09-17 01:31:37.838163 UTC,0.27,0.275,4040000,5052700,1568671807407776529
2019-09-17 01:32:04.875889 UTC,0.27,0.275,4040000,5055300,1568671807407776532
2019-09-17 01:32:08.838185 UTC,0.27,0.275,4040000,5055500,1568671807407776534
2019-09-17 01:32:24.225881 UTC,0.27,0.275,4040000,5055300,1568671807407776535
2019-09-17 01:32:26.950915 UTC,0.27,0.275,4040100,5055300,1568671807407776537
2019-09-17 01:32:39.839112 UTC,0.27,0.275,4040100,5055500,1568671807407776539
2019-09-17 01:33:09.821761 UTC,0.27,0.275,4040100,5514000,1568671807407776540
2019-09-17 01:33:14.812068 UTC,0.27,0.275,4060100,5514000,1568671807407776541
2019-09-17 01:33:25.838713 UTC,0.27,0.275,4060100,5514300,1568671807407776543
2019-09-17 01:33:41.635793 UTC,0.27,0.275,4060100,5513200,1568671807407776544
2019-09-17 01:33:54.355470 UTC,0.27,0.275,4057800,5513200,1568671807407776545
2019-09-17 01:33:55.055959 UTC,0.27,0.275,4057800,5510000,1568671807407776547
2019-09-17 01:33:55.060037 UTC,0.27,0.275,4054600,5510000,1568671807407776548
2019-09-17 01:33:56.165674 UTC,0.27,0.275,4054600,5509700,1568671807407776550
2019-09-17 01:33:56.210270 UTC,0.27,0.275,4054600,5509900,1568671807407776552
2019-09-17 01:34:04.044900 UTC,0.27,0.275,4166900,5509900,1568671807407776553
2019-09-17 01:34:13.038123 UTC,0.27,0.275,4170900,5509900,1568671807407776555
2019-09-17 01:34:26.839078 UTC,0.27,0.275,4170900,5510100,1568671807407776557
2019-09-17 01:34:58.839250 UTC,0.27,0.275,4170900,5510300,1568671807407776560
2019-09-17 01:35:04.636707 UTC,0.27,0.275,4172400,5510300,1568671807407776562
2019-09-17 01:35:27.267829 UTC,0.27,0.275,4170300,5510300,1568671807407776563
2019-09-17 01:35:29.838608 UTC,0.27,0.275,4170300,5510500,1568671807407776566
2019-09-17 01:35:46.275800 UTC,0.27,0.275,4164900,5510500,1568671807407776567
2019-09-17 01:35:55.124959 UTC,0.27,0.275,4164900,5511200,1568671807407776569
2019-09-17 01:36:00.839248 UTC,0.27,0.275,4164900,5511400,1568671807407776572
2019-09-17 01:36:02.579287 UTC,0.27,0.275,4164900,5511200,1568671807407776573
2019-09-17 01:36:19.950383 UTC,0.27,0.275,4165000,5511200,1568671807407776576
2019-09-17 01:36:20.111454 UTC,0.27,0.275,4165000,5510500,1568671807407776577
2019-09-17 01:36:20.175023 UTC,0.27,0.275,4164300,5510500,1568671807407776578
2019-09-17 01:36:27.259099 UTC,0.27,0.275,4164300,5515000,1568671807407776580
2019-09-17 01:36:29.354740 UTC,0.27,0.275,4172900,5515000,1568671807407776581
2019-09-17 01:36:37.875455 UTC,0.27,0.275,4172900,5519500,1568671807407776583
2019-09-17 01:36:53.838458 UTC,0.27,0.275,4172900,5519800,1568671807407776585
2019-09-17 01:37:24.839184 UTC,0.27,0.275,4172900,5520000,1568671807407776587
2019-09-17 01:37:50.413065 UTC,0.27,0.275,4202900,5520000,1568671807407776588
2019-09-17 01:37:55.838253 UTC,0.27,0.275,4202900,5520200,1568671807407776590
2019-09-17 01:38:00.009981 UTC,0.27,0.275,4202900,5518700,1568671807407776591
2019-09-17 01:38:00.010130 UTC,0.27,0.275,4200700,5518700,1568671807407776592
2019-09-17 01:38:26.838955 UTC,0.27,0.275,4200700,5518900,1568671807407776595
2019-09-17 01:39:04.056473 UTC,0.27,0.275,4200700,4991800,1568671807407776599
2019-09-17 01:39:14.553924 UTC,0.27,0.275,4200700,4995100,1568671807407776600
2019-09-17 01:39:19.625658 UTC,0.27,0.275,4478800,4995100,1568671807407776601
2019-09-17 01:39:19.625871 UTC,0.27,0.275,4756900,4995100,1568671807407776602
2019-09-17 01:39:19.672820 UTC,0.27,0.275,4756900,4995400,1568671807407776604
2019-09-17 01:39:27.262512 UTC,0.27,0.275,4756900,4997300,1568671807407776605
2019-09-17 01:39:48.858469 UTC,0.27,0.275,4760500,4997300,1568671807407776606
2019-09-17 01:39:51.115643 UTC,0.27,0.275,4760500,4997100,1568671807407776607
2019-09-17 01:39:55.839133 UTC,0.27,0.275,4760500,4997300,1568671807407776609
2019-09-17 01:40:02.950835 UTC,0.27,0.275,4760600,4997300,1568671807407776611
2019-09-17 01:40:06.056963 UTC,0.27,0.275,4760600,5524400,1568671807407776612
2019-09-17 01:40:06.106871 UTC,0.27,0.275,4746200,5524400,1568671807407776613
2019-09-17 01:40:06.159723 UTC,0.27,0.275,4746200,5521100,1568671807407776615
2019-09-17 01:40:06.163077 UTC,0.27,0.275,4746200,5517000,1568671807407776616
2019-09-17 01:40:06.165990 UTC,0.27,0.275,4746200,5512500,1568671807407776617
2019-09-17 01:40:07.056733 UTC,0.27,0.275,4746200,5509300,1568671807407776618
2019-09-17 01:40:07.060919 UTC,0.27,0.275,4743000,5509300,1568671807407776619
2019-09-17 01:40:09.390952 UTC,0.27,0.275,4746800,5509300,1568671807407776623
2019-09-17 01:40:26.838698 UTC,0.27,0.275,4746800,5509500,1568671807407776625
2019-09-17 01:40:44.630600 UTC,0.27,0.275,4738500,5509500,1568671807407776626
2019-09-17 01:40:45.006711 UTC,0.27,0.275,4738500,5506400,1568671807407776628
2019-09-17 01:40:45.056654 UTC,0.27,0.275,4738500,5503100,1568671807407776630
2019-09-17 01:40:45.060355 UTC,0.27,0.275,4735200,5503100,1568671807407776631
2019-09-17 01:40:57.346994 UTC,0.27,0.275,4735700,5503100,1568671807407776633
2019-09-17 01:40:57.407893 UTC,0.27,0.275,4735700,5503300,1568671807407776635
2019-09-17 01:41:02.573227 UTC,0.27,0.275,4735700,5503100,1568671807407776636
2019-09-17 01:41:34.838681 UTC,0.27,0.275,4735700,5503400,1568671807407776640
2019-09-17 01:41:38.514241 UTC,0.27,0.275,4735700,5499900,1568671807407776641
2019-09-17 01:42:07.131670 UTC,0.27,0.275,4735700,5501700,1568671807407776643
2019-09-17 01:42:07.838629 UTC,0.27,0.275,4735700,5501900,1568671807407776645
2019-09-17 01:42:12.053588 UTC,0.27,0.275,4735700,5503000,1568671807407776646
2019-09-17 01:42:29.114121 UTC,0.27,0.275,4735200,5503000,1568671807407776647
2019-09-17 01:42:32.114554 UTC,0.27,0.275,4735300,5503000,1568671807407776648
2019-09-17 01:42:38.838390 UTC,0.27,0.275,4735300,5503200,1568671807407776650
2019-09-17 01:42:55.951252 UTC,0.27,0.275,4735400,5503200,1568671807407776652
2019-09-17 01:43:09.838979 UTC,0.27,0.275,4735400,5503400,1568671807407776655
2019-09-17 01:43:30.732821 UTC,0.27,0.275,4735400,5504000,1568671807407776656
2019-09-17 01:43:31.425889 UTC,0.27,0.275,4733300,5504000,1568671807407776657
2019-09-17 01:43:31.430563 UTC,0.27,0.275,4733300,5502800,1568671807407776659
2019-09-17 01:43:40.839002 UTC,0.27,0.275,4733300,5503000,1568671807407776662
2019-09-17 01:44:05.335330 UTC,0.27,0.275,4733200,5503000,1568671807407776663
2019-09-17 01:44:13.838847 UTC,0.27,0.275,4733200,5503200,1568671807407776665
2019-09-17 01:44:30.407123 UTC,0.27,0.275,4733200,5499700,1568671807407776666
2019-09-17 01:44:37.102395 UTC,0.27,0.275,4733200,5503000,1568671807407776668
2019-09-17 01:44:44.838422 UTC,0.27,0.275,4733200,5503200,1568671807407776670
2019-09-17 01:44:57.950533 UTC,0.27,0.275,4733200,5502900,1568671807407776671
2019-09-17 01:44:57.985278 UTC,0.27,0.275,4732900,5502900,1568671807407776673
2019-09-17 01:45:18.754997 UTC,0.27,0.275,4733800,5502900,1568671807407776676
2019-09-17 01:45:35.838150 UTC,0.27,0.275,4733800,5503200,1568671807407776678
2019-09-17 01:45:42.574880 UTC,0.27,0.275,4733800,5503000,1568671807407776679
2019-09-17 01:45:51.115791 UTC,0.27,0.275,4733800,5502900,1568671807407776681
2019-09-17 01:46:06.796982 UTC,0.27,0.275,4733800,5501700,1568671807407776683
2019-09-17 01:46:06.805138 UTC,0.27,0.275,4729300,5497200,1568671807407776685
2019-09-17 01:46:06.812682 UTC,0.27,0.275,4728400,5495300,1568671807407776688
2019-09-17 01:46:06.820687 UTC,0.27,0.275,4728400,5494700,1568671807407776691
2019-09-17 01:46:09.011974 UTC,0.27,0.275,4727900,5494700,1568671807407776692
2019-09-17 01:46:09.020105 UTC,0.27,0.275,4719300,5486600,1568671807407776694
2019-09-17 01:46:09.031468 UTC,0.27,0.275,4715700,5486600,1568671807407776697
2019-09-17 01:46:09.056717 UTC,0.27,0.275,4715700,5483500,1568671807407776698
2019-09-17 01:46:09.061411 UTC,0.27,0.275,4712600,5483500,1568671807407776699
2019-09-17 01:46:15.838831 UTC,0.27,0.275,4712600,5483700,1568671807407776703
2019-09-17 01:46:30.845101 UTC,0.27,0.275,4712600,5484200,1568671807407776704
2019-09-17 01:47:00.839262 UTC,0.27,0.275,4712600,5484400,1568671807407776706
2019-09-17 01:47:01.991122 UTC,0.27,0.275,4708800,5484400,1568671807407776708
2019-09-17 01:47:32.950706 UTC,0.27,0.275,4708900,5484400,1568671807407776710
2019-09-17 01:47:39.231715 UTC,0.27,0.275,4712500,5484400,1568671807407776712
2019-09-17 01:47:44.679859 UTC,0.27,0.275,4712400,5484400,1568671807407776713
2019-09-17 01:47:47.839172 UTC,0.27,0.275,4712400,5484600,1568671807407776715
2019-09-17 01:47:58.084652 UTC,0.27,0.275,4712400,5485900,1568671807407776716
2019-09-17 01:48:02.786135 UTC,0.27,0.275,4712400,5486000,1568671807407776717
2019-09-17 01:48:10.100893 UTC,0.27,0.275,4712400,5484700,1568671807407776718
2019-09-17 01:48:10.172695 UTC,0.27,0.275,4711100,5484700,1568671807407776719
2019-09-17 01:48:26.928448 UTC,0.27,0.275,4714800,5484700,1568671807407776721
2019-09-17 01:48:31.115466 UTC,0.27,0.275,4714800,5484600,1568671807407776722
2019-09-17 01:48:51.115673 UTC,0.27,0.275,4714800,5484500,1568671807407776723
2019-09-17 01:48:51.800275 UTC,0.27,0.275,4714800,5481200,1568671807407776724
2019-09-17 01:48:56.838147 UTC,0.27,0.275,4714800,5481500,1568671807407776727
2019-09-17 01:48:57.752753 UTC,0.27,0.275,4714800,5486100,1568671807407776728
2019-09-17 01:49:05.086617 UTC,0.27,0.275,4714800,5484600,1568671807407776730
2019-09-17 01:49:27.839140 UTC,0.27,0.275,4714800,5484800,1568671807407776734
2019-09-17 01:49:28.006720 UTC,0.27,0.275,4714800,5481300,1568671807407776735
2019-09-17 01:49:28.007358 UTC,0.27,0.275,4714400,5481300,1568671807407776736
2019-09-17 01:49:28.550098 UTC,0.27,0.275,4714400,5483200,1568671807407776738
2019-09-17 01:49:58.839102 UTC,0.27,0.275,4714400,5483400,1568671807407776741
2019-09-17 01:50:10.017585 UTC,0.27,0.275,4712300,5483400,1568671807407776742
2019-09-17 01:50:10.057136 UTC,0.27,0.275,4712300,5479900,1568671807407776744
2019-09-17 01:50:10.062123 UTC,0.27,0.275,4708800,5479900,1568671807407776745
2019-09-17 01:50:19.056876 UTC,0.27,0.275,4708800,4972200,1568671807407776747
2019-09-17 01:50:22.589645 UTC,0.27,0.275,4708800,4972000,1568671807407776748
2019-09-17 01:50:29.838534 UTC,0.27,0.275,4708800,4972200,1568671807407776751
2019-09-17 01:50:36.127327 UTC,0.27,0.275,4704800,4972200,1568671807407776752
2019-09-17 01:50:36.127627 UTC,0.27,0.275,4701200,4972200,1568671807407776754
2019-09-17 01:50:37.351524 UTC,0.27,0.275,4701300,4972200,1568671807407776755
2019-09-17 01:50:51.114527 UTC,0.27,0.275,4701300,4972100,1568671807407776756
2019-09-17 01:51:00.838801 UTC,0.27,0.275,4701300,4972300,1568671807407776758
2019-09-17 01:51:11.115752 UTC,0.27,0.275,4701300,4972200,1568671807407776759
2019-09-17 01:51:21.116767 UTC,0.27,0.275,4701300,4971900,1568671807407776760
2019-09-17 01:51:26.950381 UTC,0.27,0.275,4701400,4971900,1568671807407776762
2019-09-17 01:51:31.115544 UTC,0.27,0.275,4701400,4971700,1568671807407776763
2019-09-17 01:51:34.838861 UTC,0.27,0.275,4701400,4971900,1568671807407776765
2019-09-17 01:51:51.115613 UTC,0.27,0.275,4701400,4971800,1568671807407776766
2019-09-17 01:52:01.649328 UTC,0.27,0.275,4705000,4971800,1568671807407776768
2019-09-17 01:52:07.868214 UTC,0.27,0.275,4705000,4972000,1568671807407776770
2019-09-17 01:52:11.115335 UTC,0.27,0.275,4705000,4971900,1568671807407776771
2019-09-17 01:52:23.056959 UTC,0.27,0.275,4705000,5479900,1568671807407776772
2019-09-17 01:52:23.113472 UTC,0.27,0.275,4705000,5484100,1568671807407776773
2019-09-17 01:52:31.115541 UTC,0.27,0.275,4705000,5483900,1568671807407776774
2019-09-17 01:52:34.443087 UTC,0.27,0.275,4705000,5485700,1568671807407776775
2019-09-17 01:52:40.670759 UTC,0.27,0.275,4705000,5482400,1568671807407776776
2019-09-17 01:53:11.115639 UTC,0.27,0.275,4705000,5482300,1568671807407776778
2019-09-17 01:53:15.371381 UTC,0.27,0.275,4690700,5482300,1568671807407776780
2019-09-17 01:53:15.441815 UTC,0.27,0.275,4690700,5479000,1568671807407776782
2019-09-17 01:53:15.444792 UTC,0.27,0.275,4690700,5474400,1568671807407776783
2019-09-17 01:53:15.447548 UTC,0.27,0.275,4690700,5470200,1568671807407776784
2019-09-17 01:53:15.448273 UTC,0.27,0.275,4690700,5469100,1568671807407776785
2019-09-17 01:53:17.838893 UTC,0.27,0.275,4690700,5469400,1568671807407776787
2019-09-17 01:53:23.158843 UTC,0.27,0.275,4687100,5469400,1568671807407776790
2019-09-17 01:54:06.838684 UTC,0.27,0.275,4687100,5469600,1568671807407776792
2019-09-17 01:54:07.917042 UTC,0.27,0.275,4685300,5469600,1568671807407776793
2019-09-17 01:54:08.057071 UTC,0.27,0.275,4685300,5466100,1568671807407776795
2019-09-17 01:54:08.061114 UTC,0.27,0.275,4681800,5466100,1568671807407776796
2019-09-17 01:54:47.871250 UTC,0.27,0.275,4686200,5466100,1568671807407776800
2019-09-17 01:54:49.838247 UTC,0.27,0.275,4686200,5466300,1568671807407776802
2019-09-17 01:54:54.402701 UTC,0.27,0.275,4686200,5464500,1568671807407776803
2019-09-17 01:54:57.693494 UTC,0.27,0.275,4686200,5464600,1568671807407776804
2019-09-17 01:55:21.839098 UTC,0.27,0.275,4686200,5464800,1568671807407776806
2019-09-17 01:55:35.951 UTC,0.27,0.275,4686300,5464800,1568671807407776808
2019-09-17 01:55:53.803613 UTC,0.27,0.275,4706300,5464800,1568671807407776810
2019-09-17 01:55:54.838387 UTC,0.27,0.275,4706300,5465000,1568671807407776812
2019-09-17 01:55:57.213733 UTC,0.27,0.275,4706300,5461900,1568671807407776813
2019-09-17 01:56:26.648263 UTC,0.27,0.275,4706300,5481900,1568671807407776815
2019-09-17 01:56:41.831869 UTC,0.27,0.275,4706300,5481800,1568671807407776816
2019-09-17 01:56:43.784664 UTC,0.27,0.275,4706300,5482200,1568671807407776817
2019-09-17 01:56:51.115798 UTC,0.27,0.275,4706300,5482000,1568671807407776818
2019-09-17 01:56:51.160229 UTC,0.27,0.275,4706100,5482000,1568671807407776819
2019-09-17 01:56:51.194774 UTC,0.27,0.275,4706100,5481800,1568671807407776821
2019-09-17 01:57:02.580210 UTC,0.27,0.275,4706100,5481600,1568671807407776822
2019-09-17 01:57:11.115462 UTC,0.27,0.275,4706100,5481500,1568671807407776824
2019-09-17 01:57:13.260135 UTC,0.27,0.275,4704000,5481500,1568671807407776825
2019-09-17 01:57:21.837978 UTC,0.27,0.275,4704000,5481800,1568671807407776828
2019-09-17 01:57:51.115602 UTC,0.27,0.275,4704000,5481700,1568671807407776829
2019-09-17 01:57:52.838820 UTC,0.27,0.275,4704000,5481900,1568671807407776831
2019-09-17 01:58:07.118415 UTC,0.27,0.275,4704000,5485100,1568671807407776832
2019-09-17 01:58:11.115699 UTC,0.27,0.275,4704000,5484900,1568671807407776833
2019-09-17 01:58:16.700391 UTC,0.27,0.275,4704000,5484500,1568671807407776834
2019-09-17 01:58:23.838835 UTC,0.27,0.275,4704000,5484700,1568671807407776836
2019-09-17 01:58:31.115125 UTC,0.27,0.275,4704000,5484600,1568671807407776837
2019-09-17 01:58:32.838684 UTC,0.27,0.275,4703700,5484600,1568671807407776838
2019-09-17 01:58:32.873452 UTC,0.27,0.275,4703700,5484300,1568671807407776840
2019-09-17 01:58:35.896795 UTC,0.27,0.275,4703700,5481200,1568671807407776841
2019-09-17 01:58:43.942771 UTC,0.27,0.275,4703700,5521900,1568671807407776843
2019-09-17 01:59:03.838041 UTC,0.27,0.275,4703700,5522100,1568671807407776845
2019-09-17 01:59:11.115675 UTC,0.27,0.275,4703700,5522000,1568671807407776846
2019-09-17 01:59:17.827912 UTC,0.27,0.275,4703700,5521900,1568671807407776847
2019-09-17 01:59:19.006881 UTC,0.27,0.275,4703700,5518500,1568671807407776849
2019-09-17 01:59:19.007209 UTC,0.27,0.275,4703600,5518500,1568671807407776850
2019-09-17 01:59:24.813754 UTC,0.27,0.275,4703600,5523300,1568671807407776852
2019-09-17 01:59:30.334369 UTC,0.27,0.275,4703600,5523400,1568671807407776853
2019-09-17 01:59:34.838649 UTC,0.27,0.275,4703600,5523600,1568671807407776855
2019-09-17 01:59:35.895403 UTC,0.27,0.275,4708400,5523600,1568671807407776856
2019-09-17 01:59:48.000694 UTC,0.27,0.275,4708400,5524300,1568671807407776857
2019-09-17 01:59:51.115619 UTC,0.27,0.275,4708400,5524200,1568671807407776858
2019-09-17 01:59:56.082430 UTC,0.27,0.275,4708400,5525500,1568671807407776859
2019-09-17 02:00:05.838848 UTC,0.27,0.275,4708400,5525700,1568671807407776861
2019-09-17 02:00:08.839032 UTC,0.27,0.275,4708100,5525700,1568671807407776862
2019-09-17 02:00:08.873674 UTC,0.27,0.275,4708100,5525400,1568671807407776864
2019-09-17 02:00:10.096794 UTC,0.27,0.275,4708100,5524100,1568671807407776865
2019-09-17 02:00:10.166769 UTC,0.27,0.275,4706800,5524100,1568671807407776866
2019-09-17 02:00:14.950898 UTC,0.27,0.275,4706900,5524100,1568671807407776869
2019-09-17 02:00:31.115839 UTC,0.27,0.275,4706900,5524000,1568671807407776870
2019-09-17 02:00:32.506404 UTC,0.27,0.275,4706900,5528100,1568671807407776871
2019-09-17 02:00:37.056897 UTC,0.27,0.275,4706900,5036800,1568671807407776872
2019-09-17 02:00:51.115715 UTC,0.27,0.275,4706900,5036600,1568671807407776873
2019-09-17 02:00:55.463330 UTC,0.27,0.275,4705400,5036600,1568671807407776875
2019-09-17 02:01:03.418627 UTC,0.27,0.275,4705400,5036500,1568671807407776877
2019-09-17 02:01:10.521449 UTC,0.27,0.275,4705400,5049800,1568671807407776878
2019-09-17 02:01:11.115388 UTC,0.27,0.275,4705400,5049700,1568671807407776879
2019-09-17 02:01:17.838527 UTC,0.27,0.275,4705100,5049700,1568671807407776880
2019-09-17 02:01:17.873225 UTC,0.27,0.275,4705100,5049400,1568671807407776882
2019-09-17 02:01:31.115639 UTC,0.27,0.275,4705100,5049300,1568671807407776883
2019-09-17 02:01:38.056735 UTC,0.27,0.275,4705100,5540600,1568671807407776884
2019-09-17 02:01:48.838157 UTC,0.27,0.275,4705100,5540900,1568671807407776886
2019-09-17 02:01:51.115628 UTC,0.27,0.275,4705100,5540700,1568671807407776887
2019-09-17 02:02:02.577617 UTC,0.27,0.275,4705100,5540500,1568671807407776888
2019-09-17 02:02:11.115846 UTC,0.27,0.275,4705100,5540400,1568671807407776890
2019-09-17 02:02:19.838884 UTC,0.27,0.275,4705100,5540600,1568671807407776893
2019-09-17 02:02:25.838356 UTC,0.27,0.275,4704800,5540600,1568671807407776894
2019-09-17 02:02:25.872878 UTC,0.27,0.275,4704800,5540300,1568671807407776896
2019-09-17 02:02:31.115736 UTC,0.27,0.275,4704800,5540200,1568671807407776897
2019-09-17 02:02:36.763867 UTC,0.27,0.275,4704800,5540300,1568671807407776898
2019-09-17 02:02:38.192533 UTC,0.27,0.275,4704800,5540700,1568671807407776899
2019-09-17 02:02:47.999587 UTC,0.27,0.275,4704800,5541400,1568671807407776900
2019-09-17 02:02:51.115795 UTC,0.27,0.275,4704800,5541200,1568671807407776901
2019-09-17 02:02:51.970583 UTC,0.27,0.275,4704800,5541600,1568671807407776902
2019-09-17 02:02:56.838394 UTC,0.27,0.275,4704800,5541800,1568671807407776904
2019-09-17 02:03:04.813633 UTC,0.27,0.275,4704800,5543700,1568671807407776905
2019-09-17 02:03:09.951132 UTC,0.27,0.275,4704800,5543400,1568671807407776906
2019-09-17 02:03:09.985495 UTC,0.27,0.275,4704500,5543400,1568671807407776908
2019-09-17 02:03:11.115019 UTC,0.27,0.275,4704500,5543300,1568671807407776909
2019-09-17 02:03:29.867741 UTC,0.27,0.275,4704500,5543500,1568671807407776911
2019-09-17 02:03:31.115468 UTC,0.27,0.275,4704500,5543400,1568671807407776912
2019-09-17 02:03:35.896525 UTC,0.27,0.275,4708000,5543400,1568671807407776913
2019-09-17 02:03:40.838370 UTC,0.27,0.275,4707700,5543400,1568671807407776914
2019-09-17 02:03:40.873021 UTC,0.27,0.275,4707700,5543100,1568671807407776916
2019-09-17 02:03:51.115265 UTC,0.27,0.275,4707700,5542900,1568671807407776917
2019-09-17 02:03:58.561653 UTC,0.27,0.275,4707700,5242800,1568671807407776918
2019-09-17 02:04:11.115095 UTC,0.27,0.275,4707700,5242700,1568671807407776919
2019-09-17 02:04:12.341787 UTC,0.27,0.275,4707700,5242300,1568671807407776920
2019-09-17 02:04:15.986486 UTC,0.27,0.275,4707700,5243300,1568671807407776921
2019-09-17 02:04:31.115789 UTC,0.27,0.275,4707700,5243200,1568671807407776922
2019-09-17 02:04:35.431572 UTC,0.27,0.275,4707700,5246300,1568671807407776923
2019-09-17 02:04:51.116371 UTC,0.27,0.275,4707700,5246100,1568671807407776924
2019-09-17 02:04:58.382188 UTC,0.27,0.275,4707700,5392800,1568671807407776925
2019-09-17 02:05:11.115884 UTC,0.27,0.275,4707700,5392700,1568671807407776926
2019-09-17 02:05:11.838194 UTC,0.27,0.275,4707400,5392700,1568671807407776927
2019-09-17 02:05:11.872815 UTC,0.27,0.275,4707400,5392400,1568671807407776929
2019-09-17 02:05:31.115818 UTC,0.27,0.275,4707400,5392300,1568671807407776931
2019-09-17 02:05:32.820449 UTC,0.27,0.275,4707500,5392300,1568671807407776932
2019-09-17 02:05:38.950510 UTC,0.27,0.275,4707600,5392300,1568671807407776934
2019-09-17 02:05:39.182788 UTC,0.27,0.275,4707600,5379000,1568671807407776935
2019-09-17 02:05:42.838613 UTC,0.27,0.275,4707600,5379300,1568671807407776937
2019-09-17 02:05:47.999891 UTC,0.27,0.275,4707600,5380000,1568671807407776938
2019-09-17 02:05:51.115493 UTC,0.27,0.275,4707600,5379800,1568671807407776939
2019-09-17 02:06:11.115877 UTC,0.27,0.275,4707600,5379700,1568671807407776940
2019-09-17 02:06:14.838243 UTC,0.27,0.275,4707600,5379900,1568671807407776942
2019-09-17 02:06:19.310828 UTC,0.27,0.275,4710300,5379900,1568671807407776945
2019-09-17 02:06:31.115024 UTC,0.27,0.275,4710300,5379700,1568671807407776947
2019-09-17 02:06:37.624653 UTC,0.27,0.275,4697000,5379700,1568671807407776948
2019-09-17 02:06:38.056967 UTC,0.27,0.275,4697000,5376200,1568671807407776950
2019-09-17 02:06:38.061437 UTC,0.27,0.275,4693500,5376200,1568671807407776951
2019-09-17 02:06:38.855648 UTC,0.27,0.275,4693500,5378200,1568671807407776953
2019-09-17 02:06:40.838738 UTC,0.27,0.275,4693200,5378200,1568671807407776955
2019-09-17 02:06:40.873379 UTC,0.27,0.275,4693200,5377900,1568671807407776957
2019-09-17 02:06:42.568760 UTC,0.27,0.275,4693400,5377900,1568671807407776958
2019-09-17 02:07:00.629240 UTC,0.27,0.275,4415300,5377900,1568671807407776961
2019-09-17 02:07:00.629301 UTC,0.27,0.275,4137200,5377900,1568671807407776962
2019-09-17 02:07:11.838693 UTC,0.27,0.275,4137200,5378100,1568671807407776964
2019-09-17 02:07:21.599989 UTC,0.27,0.275,4137200,5376500,1568671807407776965
2019-09-17 02:07:21.604487 UTC,0.27,0.275,4132400,5371700,1568671807407776967
2019-09-17 02:07:21.612232 UTC,0.27,0.275,4131300,5369800,1568671807407776970
2019-09-17 02:07:21.633315 UTC,0.27,0.275,4131300,5367800,1568671807407776973
2019-09-17 02:07:36.487462 UTC,0.27,0.275,4131300,5367700,1568671807407776975
2019-09-17 02:07:38.346574 UTC,0.27,0.275,4124200,5367700,1568671807407776977
2019-09-17 02:07:39.056836 UTC,0.27,0.275,4124200,5364600,1568671807407776979
2019-09-17 02:07:39.061358 UTC,0.27,0.275,4121100,5364600,1568671807407776980
2019-09-17 02:07:41.530257 UTC,0.27,0.275,4121100,5369700,1568671807407776982
2019-09-17 02:07:52.035927 UTC,0.27,0.275,4121100,5367300,1568671807407776984
2019-09-17 02:07:54.894137 UTC,0.27,0.275,4121100,5366300,1568671807407776986
2019-09-17 02:07:58.329044 UTC,0.27,0.275,4121100,5366600,1568671807407776987
2019-09-17 02:08:01.838900 UTC,0.27,0.275,4121100,5366800,1568671807407776989
2019-09-17 02:08:07.837938 UTC,0.27,0.275,4120800,5366800,1568671807407776990
2019-09-17 02:08:07.840007 UTC,0.27,0.275,4120800,5366500,1568671807407776992
2019-09-17 02:08:28.002325 UTC,0.27,0.275,4120800,5367200,1568671807407776993
2019-09-17 02:08:29.009134 UTC,0.27,0.275,4119000,5367200,1568671807407776994
2019-09-17 02:08:40.237435 UTC,0.27,0.275,4122700,5367200,1568671807407776997
2019-09-17 02:08:50.008708 UTC,0.27,0.275,4122700,5366900,1568671807407776998
2019-09-17 02:08:55.006724 UTC,0.27,0.275,4122700,5363200,1568671807407776999
2019-09-17 02:08:55.007073 UTC,0.27,0.275,4122200,5363200,1568671807407777000
2019-09-17 02:09:07.462405 UTC,0.27,0.275,4122200,5373200,1568671807407777003
2019-09-17 02:09:19.838552 UTC,0.27,0.275,4121900,5373200,1568671807407777004
2019-09-17 02:09:19.873205 UTC,0.27,0.275,4121900,5372900,1568671807407777006
2019-09-17 02:09:25.436939 UTC,0.27,0.275,4117800,5372900,1568671807407777007
2019-09-17 02:09:28.912576 UTC,0.27,0.275,4117800,5372600,1568671807407777009
2019-09-17 02:09:32.985588 UTC,0.27,0.275,4117800,5372700,1568671807407777010
2019-09-17 02:09:41.866759 UTC,0.27,0.275,4117800,5372600,1568671807407777012
2019-09-17 02:09:42.604525 UTC,0.27,0.275,4118000,5372600,1568671807407777015
2019-09-17 02:09:50.838781 UTC,0.27,0.275,4118000,5372900,1568671807407777017
2019-09-17 02:09:52.035976 UTC,0.27,0.275,4118000,5370500,1568671807407777018
2019-09-17 02:09:52.056815 UTC,0.27,0.275,4118000,5367400,1568671807407777020
2019-09-17 02:09:52.061099 UTC,0.27,0.275,4114900,5367400,1568671807407777021
2019-09-17 02:10:23.838559 UTC,0.27,0.275,4114900,5367600,1568671807407777025
2019-09-17 02:10:27.599201 UTC,0.27,0.275,4114600,5367600,1568671807407777026
2019-09-17 02:10:27.998242 UTC,0.27,0.275,4114600,5368600,1568671807407777028
2019-09-17 02:10:33.528210 UTC,0.27,0.275,4114700,5368600,1568671807407777029
2019-09-17 02:10:45.838952 UTC,0.27,0.275,4114400,5368600,1568671807407777030
2019-09-17 02:10:45.873201 UTC,0.27,0.275,4114400,5368300,1568671807407777032
2019-09-17 02:10:53.743334 UTC,0.27,0.275,4114400,5371600,1568671807407777033
2019-09-17 02:11:02.262239 UTC,0.27,0.275,4110700,5371600,1568671807407777035
2019-09-17 02:11:02.574899 UTC,0.27,0.275,4140700,5371600,1568671807407777037
2019-09-17 02:11:11.117045 UTC,0.27,0.275,4137500,5371600,1568671807407777038
2019-09-17 02:11:11.117306 UTC,0.27,0.275,4137500,5369800,1568671807407777039
2019-09-17 02:11:19.838174 UTC,0.27,0.275,4137500,5370000,1568671807407777042
2019-09-17 02:11:36.950257 UTC,0.27,0.275,4137600,5370000,1568671807407777044
2019-09-17 02:11:41.534343 UTC,0.27,0.275,4137600,5372000,1568671807407777045
2019-09-17 02:11:52.105755 UTC,0.27,0.275,4137600,5372800,1568671807407777047
2019-09-17 02:12:10.145620 UTC,0.27,0.275,4137600,5372000,1568671807407777048
2019-09-17 02:12:10.227679 UTC,0.27,0.275,4136800,5372000,1568671807407777049
2019-09-17 02:12:16.219373 UTC,0.27,0.275,4136800,5371900,1568671807407777051
2019-09-17 02:12:21.197116 UTC,0.27,0.275,4136800,5372400,1568671807407777052
2019-09-17 02:12:24.839187 UTC,0.27,0.275,4136800,5372600,1568671807407777054
2019-09-17 02:12:29.838442 UTC,0.27,0.275,4136500,5372600,1568671807407777055
2019-09-17 02:12:29.873102 UTC,0.27,0.275,4136500,5372300,1568671807407777057
2019-09-17 02:12:50.056829 UTC,0.27,0.275,4136500,4897600,1568671807407777058
2019-09-17 02:13:51.057394 UTC,0.27,0.275,4136500,5372300,1568671807407777060
2019-09-17 02:13:51.114629 UTC,0.27,0.275,4136500,5372100,1568671807407777061
2019-09-17 02:13:51.740640 UTC,0.27,0.275,4123000,5372100,1568671807407777062
2019-09-17 02:13:51.804812 UTC,0.27,0.275,4123000,5369000,1568671807407777064
2019-09-17 02:13:51.808478 UTC,0.27,0.275,4123000,5368900,1568671807407777065
2019-09-17 02:13:51.811090 UTC,0.27,0.275,4123000,5368500,1568671807407777066
2019-09-17 02:13:51.812116 UTC,0.27,0.275,4123000,5364400,1568671807407777067
2019-09-17 02:13:51.813640 UTC,0.27,0.275,4123000,5361100,1568671807407777068
2019-09-17 02:13:52.056180 UTC,0.27,0.275,4123000,5357900,1568671807407777069
2019-09-17 02:13:52.060048 UTC,0.27,0.275,4119800,5357900,1568671807407777070
2019-09-17 02:14:20.868197 UTC,0.27,0.275,4119500,5357900,1568671807407777073
2019-09-17 02:14:20.870038 UTC,0.27,0.275,4119500,5357600,1568671807407777075
2019-09-17 02:14:37.532475 UTC,0.27,0.275,4118000,5357600,1568671807407777076
2019-09-17 02:14:51.868794 UTC,0.27,0.275,4118000,5357900,1568671807407777081
2019-09-17 02:15:00.084440 UTC,0.27,0.275,4118000,5354700,1568671807407777082
2019-09-17 02:15:00.153633 UTC,0.27,0.275,4114800,5354700,1568671807407777083
2019-09-17 02:15:01.599716 UTC,0.27,0.275,4114800,5355100,1568671807407777085
2019-09-17 02:15:22.234646 UTC,0.27,0.275,4114500,5355100,1568671807407777087
2019-09-17 02:15:26.838442 UTC,0.27,0.275,4114500,5355300,1568671807407777090
2019-09-17 02:15:52.838730 UTC,0.27,0.275,4114200,5355300,1568671807407777092
2019-09-17 02:15:52.873300 UTC,0.27,0.275,4114200,5355000,1568671807407777094
2019-09-17 02:16:36.838572 UTC,0.27,0.275,4114200,5355200,1568671807407777096
2019-09-17 02:16:39.648091 UTC,0.27,0.275,4214200,5355200,1568671807407777097
2019-09-17 02:17:44.315757 UTC,0.27,0.275,4214200,5353000,1568671807407777098
2019-09-17 02:17:50.839112 UTC,0.27,0.275,4214000,5353000,1568671807407777100
2019-09-17 02:18:01.551806 UTC,0.27,0.275,4214000,5354200,1568671807407777102
2019-09-17 02:18:01.556592 UTC,0.27,0.275,4214000,5354300,1568671807407777104
2019-09-17 02:18:11.115594 UTC,0.27,0.275,4214000,5354200,1568671807407777105
2019-09-17 02:18:31.114986 UTC,0.27,0.275,4214000,5354100,1568671807407777106
2019-09-17 02:18:36.149590 UTC,0.27,0.275,4492100,5354100,1568671807407777107
2019-09-17 02:18:36.149810 UTC,0.27,0.275,4770200,5354100,1568671807407777108
2019-09-17 02:18:36.198255 UTC,0.27,0.275,4770200,5356000,1568671807407777109
2019-09-17 02:18:51.115771 UTC,0.27,0.275,4770200,5355800,1568671807407777110
2019-09-17 02:18:54.838840 UTC,0.27,0.275,4770000,5355800,1568671807407777111
2019-09-17 02:18:54.873445 UTC,0.27,0.275,4770000,5355600,1568671807407777113
2019-09-17 02:19:11.116063 UTC,0.27,0.275,4770000,5355500,1568671807407777114
2019-09-17 02:19:11.990387 UTC,0.27,0.275,4766200,5355500,1568671807407777115
2019-09-17 02:19:12.116613 UTC,0.27,0.275,4766200,5352600,1568671807407777117
2019-09-17 02:19:12.116713 UTC,0.27,0.275,4763100,5352600,1568671807407777118
2019-09-17 02:19:19.950081 UTC,0.27,0.275,4763200,5352600,1568671807407777121
2019-09-17 02:19:21.641594 UTC,0.27,0.275,4761800,5352600,1568671807407777123
2019-09-17 02:19:21.646109 UTC,0.27,0.275,4761800,5351500,1568671807407777125
2019-09-17 02:19:22.007217 UTC,0.27,0.275,4761800,5348200,1568671807407777126
2019-09-17 02:19:22.056875 UTC,0.27,0.275,4761800,5344500,1568671807407777128
2019-09-17 02:19:22.060858 UTC,0.27,0.275,4758100,5344500,1568671807407777130
2019-09-17 02:20:00.056889 UTC,0.27,0.275,4758100,4881100,1568671807407777135
2019-09-17 02:20:00.838739 UTC,0.27,0.275,4758100,4881400,1568671807407777137
2019-09-17 02:20:23.925033 UTC,0.27,0.275,4758100,4887000,1568671807407777138
2019-09-17 02:20:25.192545 UTC,0.27,0.275,4757700,4887000,1568671807407777139
2019-09-17 02:20:26.838303 UTC,0.27,0.275,4757400,4887000,1568671807407777141
2019-09-17 02:20:26.872936 UTC,0.27,0.275,4757400,4886700,1568671807407777143
2019-09-17 02:20:40.779886 UTC,0.27,0.275,4757400,4887700,1568671807407777144
2019-09-17 02:20:50.586731 UTC,0.27,0.275,4761600,4887700,1568671807407777147
2019-09-17 02:20:55.142692 UTC,0.27,0.275,4760800,4887700,1568671807407777148
2019-09-17 02:20:57.838360 UTC,0.27,0.275,4760800,4887900,1568671807407777151
2019-09-17 02:21:02.057463 UTC,0.27,0.275,4760800,5351300,1568671807407777152
2019-09-17 02:21:16.068507 UTC,0.27,0.275,4760800,5349400,1568671807407777153
2019-09-17 02:21:45.838067 UTC,0.27,0.275,4760800,5349600,1568671807407777156
2019-09-17 02:21:51.838614 UTC,0.27,0.275,4760500,5349600,1568671807407777157
2019-09-17 02:21:51.873316 UTC,0.27,0.275,4760500,5349300,1568671807407777159
2019-09-17 02:22:07.159586 UTC,0.27,0.275,4759100,5349300,1568671807407777160
2019-09-17 02:22:32.838857 UTC,0.27,0.275,4759100,5349500,1568671807407777163
2019-09-17 02:22:36.040518 UTC,0.27,0.275,4759100,5347800,1568671807407777165
2019-09-17 02:22:36.293247 UTC,0.27,0.275,4764100,5347800,1568671807407777167
2019-09-17 02:22:43.219951 UTC,0.27,0.275,4764100,5349900,1568671807407777168
2019-09-17 02:22:48.950637 UTC,0.27,0.275,4764100,5349600,1568671807407777169
2019-09-17 02:22:48.985254 UTC,0.27,0.275,4763800,5349600,1568671807407777171
2019-09-17 02:23:07.344839 UTC,0.27,0.275,4763800,5347700,1568671807407777172
2019-09-17 02:23:08.177393 UTC,0.27,0.275,4764000,5347700,1568671807407777174
2019-09-17 02:23:08.839113 UTC,0.27,0.275,4763700,5347700,1568671807407777176
2019-09-17 02:23:08.873676 UTC,0.27,0.275,4763700,5347400,1568671807407777178
2019-09-17 02:23:30.535688 UTC,0.27,0.275,4763700,5346900,1568671807407777180
2019-09-17 02:23:32.502142 UTC,0.27,0.275,4763700,5347100,1568671807407777182
2019-09-17 02:23:52.151855 UTC,0.27,0.275,4803700,5347100,1568671807407777183
2019-09-17 02:23:53.082803 UTC,0.27,0.275,4803700,5347400,1568671807407777184
2019-09-17 02:24:02.396572 UTC,0.27,0.275,4803700,5347500,1568671807407777186
2019-09-17 02:24:24.838865 UTC,0.27,0.275,4803700,5347800,1568671807407777189
2019-09-17 02:24:31.101534 UTC,0.27,0.275,4802500,5347800,1568671807407777191
2019-09-17 02:24:34.277325 UTC,0.27,0.275,4802500,5348600,1568671807407777193
2019-09-17 02:24:34.696257 UTC,0.27,0.275,4800700,5348600,1568671807407777194
2019-09-17 02:24:42.092913 UTC,0.27,0.275,4800700,5346900,1568671807407777196
2019-09-17 02:24:48.152542 UTC,0.27,0.275,4800700,5346700,1568671807407777198
2019-09-17 02:24:52.838379 UTC,0.27,0.275,4800400,5346700,1568671807407777200
2019-09-17 02:24:52.872937 UTC,0.27,0.275,4800400,5346400,1568671807407777202
2019-09-17 02:25:23.346138 UTC,0.27,0.275,4800000,5346400,1568671807407777204
2019-09-17 02:25:25.899552 UTC,0.27,0.275,4799200,5346400,1568671807407777206
2019-09-17 02:25:29.838805 UTC,0.27,0.275,4799200,5346600,1568671807407777209
2019-09-17 02:25:31.115744 UTC,0.27,0.275,4799200,5346500,1568671807407777210
2019-09-17 02:25:37.105790 UTC,0.27,0.275,4799300,5346500,1568671807407777211
2019-09-17 02:25:44.950879 UTC,0.27,0.275,4799400,5346500,1568671807407777213
2019-09-17 02:25:51.115878 UTC,0.27,0.275,4799400,5346400,1568671807407777214
2019-09-17 02:26:11.115784 UTC,0.27,0.275,4799400,5346300,1568671807407777215
2019-09-17 02:26:24.838647 UTC,0.27,0.275,4799400,5346500,1568671807407777217
2019-09-17 02:26:26.838221 UTC,0.27,0.275,4799100,5346500,1568671807407777218
2019-09-17 02:26:26.872926 UTC,0.27,0.275,4799100,5346200,1568671807407777220
2019-09-17 02:26:31.114954 UTC,0.27,0.275,4799100,5346100,1568671807407777221
2019-09-17 02:26:51.115677 UTC,0.27,0.275,4799100,5345900,1568671807407777222
2019-09-17 02:26:56.523836 UTC,0.27,0.275,4799100,5345700,1568671807407777223
2019-09-17 02:27:11.116527 UTC,0.27,0.275,4799100,5341900,1568671807407777224
2019-09-17 02:27:11.116635 UTC,0.27,0.275,4795400,5341900,1568671807407777225
2019-09-17 02:27:12.056438 UTC,0.27,0.275,4795400,5338800,1568671807407777227
2019-09-17 02:27:12.060528 UTC,0.27,0.275,4792300,5338800,1568671807407777228
2019-09-17 02:27:13.838232 UTC,0.27,0.275,4792300,5339000,1568671807407777231
2019-09-17 02:27:22.089479 UTC,0.27,0.275,4792300,5337500,1568671807407777233
2019-09-17 02:27:24.729238 UTC,0.27,0.275,4790500,5337500,1568671807407777235
2019-09-17 02:27:36.006176 UTC,0.27,0.275,4790500,5337400,1568671807407777238
2019-09-17 02:27:40.228161 UTC,0.27,0.275,4789200,5337400,1568671807407777240
2019-09-17 02:27:45.898272 UTC,0.27,0.275,4789200,5340300,1568671807407777243
2019-09-17 02:27:49.838165 UTC,0.27,0.275,4788900,5340300,1568671807407777244
2019-09-17 02:27:49.872718 UTC,0.27,0.275,4788900,5340000,1568671807407777246
2019-09-17 02:27:53.077646 UTC,0.27,0.275,4788900,5341800,1568671807407777248
2019-09-17 02:28:12.347656 UTC,0.27,0.275,4778900,5341800,1568671807407777249
2019-09-17 02:28:24.373150 UTC,0.27,0.275,4778900,5339100,1568671807407777253
2019-09-17 02:28:24.381367 UTC,0.27,0.275,4777300,5337100,1568671807407777255
2019-09-17 02:28:24.385105 UTC,0.27,0.275,4777300,5337000,1568671807407777257
2019-09-17 02:28:24.389080 UTC,0.27,0.275,4777300,5336900,1568671807407777258
2019-09-17 02:28:24.393057 UTC,0.27,0.275,4777300,5336800,1568671807407777259
2019-09-17 02:28:25.056974 UTC,0.27,0.275,4777300,5333300,1568671807407777260
2019-09-17 02:28:25.061668 UTC,0.27,0.275,4773800,5333300,1568671807407777261
2019-09-17 02:28:41.006846 UTC,0.27,0.275,4773800,5329900,1568671807407777264
2019-09-17 02:28:41.007048 UTC,0.27,0.275,4773700,5329900,1568671807407777265
2019-09-17 02:28:50.838469 UTC,0.27,0.275,4773700,5330200,1568671807407777269
2019-09-17 02:28:51.662212 UTC,0.27,0.275,4773700,5328700,1568671807407777270
2019-09-17 02:29:06.279809 UTC,0.27,0.275,4773700,5366800,1568671807407777273
2019-09-17 02:29:06.838520 UTC,0.27,0.275,4773400,5366800,1568671807407777274
2019-09-17 02:29:06.873077 UTC,0.27,0.275,4773400,5366500,1568671807407777276
2019-09-17 02:29:13.175985 UTC,0.27,0.275,4773400,5365600,1568671807407777277
2019-09-17 02:29:13.180584 UTC,0.27,0.275,4772500,5362700,1568671807407777279
2019-09-17 02:29:33.177480 UTC,0.27,0.275,4772500,5365900,1568671807407777281
2019-09-17 02:29:39.838377 UTC,0.27,0.275,4772500,5366100,1568671807407777283
2019-09-17 02:30:00.146810 UTC,0.27,0.275,4773200,5366100,1568671807407777284
2019-09-17 02:30:23.274284 UTC,0.27,0.275,4771000,5366100,1568671807407777286
2019-09-17 02:30:24.838994 UTC,0.27,0.275,4770700,5366100,1568671807407777288
2019-09-17 02:30:24.873571 UTC,0.27,0.275,4770700,5365800,1568671807407777290
2019-09-17 02:30:55.838755 UTC,0.27,0.275,4770700,5366000,1568671807407777292
2019-09-17 02:31:11.662526 UTC,0.27,0.275,4770700,5364500,1568671807407777293
2019-09-17 02:31:25.950643 UTC,0.27,0.275,4770800,5364500,1568671807407777296
2019-09-17 02:31:26.007745 UTC,0.27,0.275,4770800,5364700,1568671807407777298
2019-09-17 02:31:52.868868 UTC,0.27,0.275,4770500,5364700,1568671807407777299
2019-09-17 02:31:52.870556 UTC,0.27,0.275,4770500,5364400,1568671807407777301
2019-09-17 02:32:10.935410 UTC,0.27,0.275,4768000,5364400,1568671807407777302
2019-09-17 02:32:17.566418 UTC,0.27,0.275,4766700,5364400,1568671807407777304
2019-09-17 02:32:17.757005 UTC,0.27,0.275,4766700,5566800,1568671807407777306
2019-09-17 02:32:57.839218 UTC,0.27,0.275,4766700,5567100,1568671807407777309
2019-09-17 02:33:08.949905 UTC,0.27,0.275,4766700,5569800,1568671807407777310
2019-09-17 02:33:10.838371 UTC,0.27,0.275,4766400,5569800,1568671807407777311
2019-09-17 02:33:10.872996 UTC,0.27,0.275,4766400,5569500,1568671807407777313
2019-09-17 02:33:11.541424 UTC,0.27,0.275,4766400,5572200,1568671807407777314
2019-09-17 02:33:28.462357 UTC,0.27,0.275,4766400,5570700,1568671807407777315
2019-09-17 02:33:34.561742 UTC,0.27,0.275,4767500,5570700,1568671807407777317
2019-09-17 02:33:36.349464 UTC,0.27,0.275,4767500,5571700,1568671807407777318
2019-09-17 02:33:40.113567 UTC,0.27,0.275,4767700,5571700,1568671807407777319
2019-09-17 02:33:51.838345 UTC,0.27,0.275,4767700,5571900,1568671807407777322
2019-09-17 02:34:08.157331 UTC,0.27,0.275,4767700,5571700,1568671807407777323
2019-09-17 02:34:09.912837 UTC,0.27,0.275,4766100,5571700,1568671807407777325
2019-09-17 02:34:31.116445 UTC,0.27,0.275,4766100,5568800,1568671807407777327
2019-09-17 02:34:31.116603 UTC,0.27,0.275,4762400,5568800,1568671807407777328
2019-09-17 02:34:31.838746 UTC,0.27,0.275,4762100,5568800,1568671807407777330
2019-09-17 02:34:31.873392 UTC,0.27,0.275,4762100,5568500,1568671807407777332
2019-09-17 02:34:32.056316 UTC,0.27,0.275,4762100,5565200,1568671807407777333
2019-09-17 02:34:32.059958 UTC,0.27,0.275,4758800,5565200,1568671807407777334
2019-09-17 02:35:02.838615 UTC,0.27,0.275,4758800,5565400,1568671807407777339
2019-09-17 02:35:10.881582 UTC,0.27,0.275,4757500,5565400,1568671807407777340
2019-09-17 02:35:13.198762 UTC,0.27,0.275,4757500,5566300,1568671807407777342
2019-09-17 02:35:17.698226 UTC,0.27,0.275,4757500,5466300,1568671807407777344
2019-09-17 02:35:18.057086 UTC,0.27,0.275,4757500,5453400,1568671807407777346
2019-09-17 02:35:18.061176 UTC,0.27,0.275,4744600,5453400,1568671807407777347
2019-09-17 02:35:18.116070 UTC,0.27,0.275,4741100,5453400,1568671807407777349
2019-09-17 02:35:19.056854 UTC,0.27,0.275,4741100,5449900,1568671807407777352
2019-09-17 02:35:19.061392 UTC,0.27,0.275,4737600,5449900,1568671807407777353
2019-09-17 02:35:19.116508 UTC,0.27,0.275,4734400,5449900,1568671807407777356
2019-09-17 02:35:22.123683 UTC,0.27,0.275,4734400,5448400,1568671807407777358
2019-09-17 02:35:23.056712 UTC,0.27,0.275,4734400,5445000,1568671807407777361
2019-09-17 02:35:23.061331 UTC,0.27,0.275,4731000,5445000,1568671807407777362
2019-09-17 02:35:27.436822 UTC,0.27,0.275,4730100,5445000,1568671807407777364
2019-09-17 02:35:30.620687 UTC,0.27,0.275,5030100,5445000,1568671807407777366
2019-09-17 02:35:33.838238 UTC,0.27,0.275,5030100,5445200,1568671807407777369
2019-09-17 02:35:35.866104 UTC,0.27,0.275,5030200,5445200,1568671807407777370
2019-09-17 02:35:51.838411 UTC,0.27,0.275,5030000,5445200,1568671807407777372
2019-09-17 02:35:51.873219 UTC,0.27,0.275,5030000,5445000,1568671807407777374
2019-09-17 02:35:52.088648 UTC,0.27,0.275,5030000,5445300,1568671807407777375
2019-09-17 02:35:53.828598 UTC,0.27,0.275,5030000,5447700,1568671807407777376
2019-09-17 02:36:10.106500 UTC,0.27,0.275,5030000,5447400,1568671807407777377
2019-09-17 02:36:10.176555 UTC,0.27,0.275,5029700,5447400,1568671807407777378
2019-09-17 02:36:10.881013 UTC,0.27,0.275,5029700,5451600,1568671807407777380
2019-09-17 02:36:20.115494 UTC,0.27,0.275,5029900,5451600,1568671807407777382
2019-09-17 02:36:31.868455 UTC,0.27,0.275,5029700,5451600,1568671807407777383
2019-09-17 02:36:31.870290 UTC,0.27,0.275,5029700,5451400,1568671807407777385
2019-09-17 02:37:02.145125 UTC,0.27,0.275,5029700,5449800,1568671807407777387
2019-09-17 02:37:03.838877 UTC,0.27,0.275,5029700,5450100,1568671807407777391
2019-09-17 02:37:10.950656 UTC,0.27,0.275,5029800,5450100,1568671807407777393
2019-09-17 02:37:23.297469 UTC,0.27,0.275,5029800,5450000,1568671807407777394
2019-09-17 02:37:24.841129 UTC,0.27,0.275,5014400,5450000,1568671807407777396
2019-09-17 02:37:25.057058 UTC,0.27,0.275,5014400,5446600,1568671807407777398
2019-09-17 02:37:25.061881 UTC,0.27,0.275,5011000,5446600,1568671807407777399
2019-09-17 02:37:33.183355 UTC,0.27,0.275,5011000,5446800,1568671807407777405
2019-09-17 02:37:52.838413 UTC,0.27,0.275,5010700,5446800,1568671807407777407
2019-09-17 02:37:52.873121 UTC,0.27,0.275,5010700,5446500,1568671807407777409
2019-09-17 02:38:13.187226 UTC,0.27,0.275,5010700,5447400,1568671807407777412
2019-09-17 02:38:16.467323 UTC,0.27,0.275,5010700,5445900,1568671807407777413
2019-09-17 02:38:19.006373 UTC,0.27,0.275,5010700,5442600,1568671807407777415
2019-09-17 02:38:23.838662 UTC,0.27,0.275,5010700,5442800,1568671807407777418
2019-09-17 02:38:40.104968 UTC,0.27,0.275,5010900,5442800,1568671807407777421
2019-09-17 02:38:50.900121 UTC,0.27,0.275,5010900,5444700,1568671807407777422
2019-09-17 02:38:51.009777 UTC,0.27,0.275,5008700,5444700,1568671807407777424
2019-09-17 02:38:51.010300 UTC,0.27,0.275,5008700,5444400,1568671807407777425
2019-09-17 02:38:51.010523 UTC,0.27,0.275,5008700,5443800,1568671807407777427
2019-09-17 02:38:54.511102 UTC,0.27,0.275,5008700,5443600,1568671807407777428
2019-09-17 02:38:54.571098 UTC,0.27,0.275,5008700,5443800,1568671807407777431
2019-09-17 02:39:11.008630 UTC,0.27,0.275,5008700,5443200,1568671807407777432
2019-09-17 02:39:12.870165 UTC,0.27,0.275,5008400,5443200,1568671807407777433
2019-09-17 02:39:12.939344 UTC,0.27,0.275,5008400,5442900,1568671807407777435
2019-09-17 02:39:20.237846 UTC,0.27,0.275,4993400,5442900,1568671807407777436
2019-09-17 02:39:20.304796 UTC,0.27,0.275,4993400,5442100,1568671807407777438
2019-09-17 02:39:20.308205 UTC,0.27,0.275,4993400,5440300,1568671807407777439
2019-09-17 02:39:20.309447 UTC,0.27,0.275,4993400,5437600,1568671807407777440
2019-09-17 02:39:20.310900 UTC,0.27,0.275,4993400,5435200,1568671807407777441
2019-09-17 02:39:20.316255 UTC,0.27,0.275,4993400,5435100,1568671807407777442
2019-09-17 02:39:20.319867 UTC,0.27,0.275,4993400,5433200,1568671807407777443
2019-09-17 02:39:20.321167 UTC,0.27,0.275,4993400,5431100,1568671807407777444
2019-09-17 02:39:21.057005 UTC,0.27,0.275,4993400,5427700,1568671807407777445
2019-09-17 02:39:21.061549 UTC,0.27,0.275,4990000,5427700,1568671807407777446
2019-09-17 02:39:21.116396 UTC,0.27,0.275,4986600,5427700,1568671807407777449
2019-09-17 02:39:24.490429 UTC,0.27,0.275,4986600,5426200,1568671807407777451
2019-09-17 02:39:39.255587 UTC,0.27,0.275,4985500,5426200,1568671807407777453
2019-09-17 02:39:40.869089 UTC,0.27,0.275,4989100,5426200,1568671807407777455
2019-09-17 02:39:41.049423 UTC,0.27,0.275,4989500,5426200,1568671807407777456
2019-09-17 02:39:43.838357 UTC,0.27,0.275,4989500,5426400,1568671807407777458
2019-09-17 02:40:05.161909 UTC,0.27,0.275,4985900,5426400,1568671807407777460
2019-09-17 02:40:17.950585 UTC,0.27,0.275,4985900,5426100,1568671807407777461
2019-09-17 02:40:17.985184 UTC,0.27,0.275,4985600,5426100,1568671807407777463
2019-09-17 02:40:23.983976 UTC,0.27,0.275,4984400,5426100,1568671807407777464
2019-09-17 02:40:32.838273 UTC,0.27,0.275,4984100,5426100,1568671807407777466
2019-09-17 02:40:32.872943 UTC,0.27,0.275,4984100,5425800,1568671807407777468
2019-09-17 02:41:04.486522 UTC,0.27,0.275,4984100,5424300,1568671807407777471
2019-09-17 02:41:09.839276 UTC,0.27,0.275,4984100,5424600,1568671807407777474
2019-09-17 02:41:32.356668 UTC,0.27,0.275,4983700,5424600,1568671807407777475
2019-09-17 02:41:37.175356 UTC,0.27,0.275,4983700,5425400,1568671807407777478
2019-09-17 02:41:41.867943 UTC,0.27,0.275,4983400,5425400,1568671807407777480
2019-09-17 02:41:41.869764 UTC,0.27,0.275,4983400,5425100,1568671807407777482
2019-09-17 02:42:03.461407 UTC,0.27,0.275,4943400,5425100,1568671807407777483
2019-09-17 02:42:03.504414 UTC,0.27,0.275,4943400,5426400,1568671807407777485
2019-09-17 02:42:12.868062 UTC,0.27,0.275,4943400,5426600,1568671807407777487
2019-09-17 02:42:20.115585 UTC,0.27,0.275,4943600,5426600,1568671807407777489
2019-09-17 02:42:28.950311 UTC,0.27,0.275,4943700,5426600,1568671807407777492
2019-09-17 02:42:36.056570 UTC,0.27,0.275,4943700,4999700,1568671807407777493
2019-09-17 02:42:36.056714 UTC,0.27,0.275,4943700,4998900,1568671807407777494
2019-09-17 02:42:43.868089 UTC,0.27,0.275,4943700,4999100,1568671807407777496
2019-09-17 02:42:48.994318 UTC,0.27,0.275,4943300,4999100,1568671807407777497
2019-09-17 02:42:50.838583 UTC,0.27,0.275,4943000,4999100,1568671807407777498
2019-09-17 02:42:50.873287 UTC,0.27,0.275,4943000,4998800,1568671807407777500
2019-09-17 02:43:03.211150 UTC,0.27,0.275,4943000,4997400,1568671807407777501
2019-09-17 02:43:21.703640 UTC,0.27,0.275,4941800,4997400,1568671807407777504
2019-09-17 02:43:21.708016 UTC,0.27,0.275,4941800,4997100,1568671807407777506
2019-09-17 02:43:21.765903 UTC,0.27,0.275,4941800,4997300,1568671807407777508
2019-09-17 02:43:38.057287 UTC,0.27,0.275,4941800,5425000,1568671807407777509
2019-09-17 02:43:41.015682 UTC,0.27,0.275,4941800,5419400,1568671807407777511
2019-09-17 02:43:41.056899 UTC,0.27,0.275,4941800,5416200,1568671807407777513
2019-09-17 02:43:41.061115 UTC,0.27,0.275,4938600,5416200,1568671807407777514
2019-09-17 02:43:47.295879 UTC,0.27,0.275,4934400,5416200,1568671807407777517
2019-09-17 02:44:08.840480 UTC,0.27,0.275,4934400,5516200,1568671807407777518
2019-09-17 02:44:11.838104 UTC,0.27,0.275,4934100,5516200,1568671807407777519
2019-09-17 02:44:11.872808 UTC,0.27,0.275,4934100,5515900,1568671807407777521
2019-09-17 02:44:49.819392 UTC,0.27,0.275,4932300,5515900,1568671807407777522
2019-09-17 02:44:50.839027 UTC,0.27,0.275,4932300,5516200,1568671807407777525
2019-09-17 02:44:51.827572 UTC,0.27,0.275,4932300,5519000,1568671807407777526
2019-09-17 02:45:03.213239 UTC,0.27,0.275,4932300,5517600,1568671807407777528
2019-09-17 02:45:20.952435 UTC,0.27,0.275,4932200,5517600,1568671807407777530
2019-09-17 02:45:23.883785 UTC,0.27,0.275,4932200,5520500,1568671807407777532
2019-09-17 02:45:23.962646 UTC,0.27,0.275,4929400,5517700,1568671807407777534
2019-09-17 02:45:24.025935 UTC,0.27,0.275,4929100,5517700,1568671807407777536
2019-09-17 02:45:24.060720 UTC,0.27,0.275,4929100,5517400,1568671807407777538
2019-09-17 02:45:34.039342 UTC,0.27,0.275,4927900,5517400,1568671807407777539
2019-09-17 02:45:34.043774 UTC,0.27,0.275,4927900,5513500,1568671807407777541
2019-09-17 02:45:34.051866 UTC,0.27,0.275,4926000,5511600,1568671807407777543
2019-09-17 02:45:34.056137 UTC,0.27,0.275,4925000,5510600,1568671807407777546
2019-09-17 02:45:48.343471 UTC,0.27,0.275,4925000,5510400,1568671807407777548
2019-09-17 02:45:50.026068 UTC,0.27,0.275,4924200,5510400,1568671807407777550
2019-09-17 02:45:54.709294 UTC,0.27,0.275,4919800,5510400,1568671807407777552
2019-09-17 02:45:54.772867 UTC,0.27,0.275,4919800,5510600,1568671807407777557
2019-09-17 02:46:18.096314 UTC,0.27,0.275,4919800,5509200,1568671807407777560
2019-09-17 02:46:24.838042 UTC,0.27,0.275,4919800,5509400,1568671807407777564
2019-09-17 02:46:34.838625 UTC,0.27,0.275,4919500,5509400,1568671807407777565
2019-09-17 02:46:34.873296 UTC,0.27,0.275,4919500,5509100,1568671807407777567
2019-09-17 02:46:59.025426 UTC,0.27,0.275,4923800,5509100,1568671807407777569
2019-09-17 02:47:00.331345 UTC,0.27,0.275,4924000,5509100,1568671807407777571
2019-09-17 02:47:02.586922 UTC,0.27,0.275,4824000,5509100,1568671807407777572
2019-09-17 02:47:03.057003 UTC,0.27,0.275,4824000,5494400,1568671807407777574
2019-09-17 02:47:03.061393 UTC,0.27,0.275,4809300,5494400,1568671807407777575
2019-09-17 02:47:03.115487 UTC,0.27,0.275,4802100,5494400,1568671807407777577
2019-09-17 02:47:04.056561 UTC,0.27,0.275,4802100,5490900,1568671807407777579
2019-09-17 02:47:04.060423 UTC,0.27,0.275,4798600,5490900,1568671807407777580
2019-09-17 02:47:04.115320 UTC,0.27,0.275,4795000,5490900,1568671807407777582
2019-09-17 02:47:04.115509 UTC,0.27,0.275,4795000,5489700,1568671807407777583
2019-09-17 02:47:05.057009 UTC,0.27,0.275,4795000,5486400,1568671807407777585
2019-09-17 02:47:05.061684 UTC,0.27,0.275,4791700,5486400,1568671807407777586
2019-09-17 02:47:05.114539 UTC,0.27,0.275,4791700,5486600,1568671807407777589
2019-09-17 02:47:06.544819 UTC,0.27,0.275,4790200,5486600,1568671807407777590
2019-09-17 02:47:09.639260 UTC,0.27,0.275,3290200,5486600,1568671807407777593
2019-09-17 02:47:09.653267 UTC,0.27,0.275,790200,5486600,1568671807407777664
2019-09-17 02:47:09.653687 UTC,0.27,0.275,590300,5486600,1568671807407777665
2019-09-17 02:47:09.653887 UTC,0.27,0.275,312200,5486600,1568671807407777666
2019-09-17 02:47:09.656848 UTC,0.27,0.275,172200,5486600,1568671807407777695
2019-09-17 02:47:09.687733 UTC,0.27,0.275,143500,5486600,1568671807407777748
2019-09-17 02:47:09.704939 UTC,0.27,0.275,137500,5486600,1568671807407777750
2019-09-17 02:47:09.712838 UTC,0.27,0.275,6000,5486600,1568671807407777752
2019-09-17 02:47:09.715702 UTC,0.265,0.275,16071900,5486600,1568671807407777759
2019-09-17 02:47:09.716367 UTC,0.265,0.27,16071900,1714000,1568671807407777760
2019-09-17 02:47:09.716443 UTC,0.265,0.27,15458600,1714000,1568671807407777761
2019-09-17 02:47:09.716768 UTC,0.265,0.27,14466400,1714000,1568671807407777771
2019-09-17 02:47:09.730021 UTC,0.265,0.27,14466400,1713900,1568671807407777780
2019-09-17 02:47:09.733406 UTC,0.265,0.27,14466500,1713900,1568671807407777782
2019-09-17 02:47:09.737282 UTC,0.265,0.27,14466600,1713900,1568671807407777786
2019-09-17 02:47:09.761725 UTC,0.265,0.27,14466600,1889700,1568671807407777795
2019-09-17 02:47:09.771615 UTC,0.265,0.27,14466600,1993600,1568671807407777796
2019-09-17 02:47:09.803916 UTC,0.265,0.27,14444500,1993600,1568671807407777797
2019-09-17 02:47:09.806168 UTC,0.265,0.27,13298500,1993600,1568671807407777801
2019-09-17 02:47:09.807284 UTC,0.265,0.27,13298500,2415800,1568671807407777803
2019-09-17 02:47:09.821006 UTC,0.265,0.27,13298500,2417900,1568671807407777805
2019-09-17 02:47:09.858915 UTC,0.265,0.27,12396400,2417900,1568671807407777808
2019-09-17 02:47:09.927903 UTC,0.265,0.27,12396400,2620300,1568671807407777815
2019-09-17 02:47:09.961720 UTC,0.265,0.27,12396400,2630800,1568671807407777818
2019-09-17 02:47:09.965521 UTC,0.265,0.27,12396400,2635900,1568671807407777820
2019-09-17 02:47:09.972653 UTC,0.265,0.27,12396400,2674500,1568671807407777821
2019-09-17 02:47:10.006140 UTC,0.265,0.27,12399400,2674500,1568671807407777822
2019-09-17 02:47:10.009606 UTC,0.265,0.27,12399400,2678700,1568671807407777824
2019-09-17 02:47:10.050546 UTC,0.265,0.27,11497400,2678700,1568671807407777825
2019-09-17 02:47:10.061191 UTC,0.265,0.27,11133100,2678700,1568671807407777840
2019-09-17 02:47:10.061488 UTC,0.265,0.27,11133100,2810500,1568671807407777841
2019-09-17 02:47:10.071085 UTC,0.265,0.27,11148100,2810500,1568671807407777845
2019-09-17 02:47:10.071529 UTC,0.265,0.27,11133100,2795500,1568671807407777847
2019-09-17 02:47:10.116094 UTC,0.265,0.27,11133100,2845300,1568671807407777852
2019-09-17 02:47:10.116405 UTC,0.265,0.27,10846700,2845300,1568671807407777854
2019-09-17 02:47:10.131467 UTC,0.265,0.27,10846700,2866900,1568671807407777857
2019-09-17 02:47:10.178265 UTC,0.265,0.27,10846700,2867200,1568671807407777858
2019-09-17 02:47:10.333378 UTC,0.265,0.27,10846700,2867300,1568671807407777861
2019-09-17 02:47:10.337886 UTC,0.265,0.27,10846700,2870500,1568671807407777863
2019-09-17 02:47:10.346045 UTC,0.265,0.27,10846700,2871400,1568671807407777865
2019-09-17 02:47:10.350343 UTC,0.265,0.27,10846700,2871600,1568671807407777867
2019-09-17 02:47:10.354903 UTC,0.265,0.27,10846700,2872400,1568671807407777869
2019-09-17 02:47:10.359408 UTC,0.265,0.27,10846700,2873300,1568671807407777871
2019-09-17 02:47:10.399161 UTC,0.265,0.27,10395600,2873300,1568671807407777873
2019-09-17 02:47:10.404898 UTC,0.265,0.27,9944500,2873300,1568671807407777877
2019-09-17 02:47:10.414892 UTC,0.265,0.27,8659500,2873300,1568671807407777881
2019-09-17 02:47:10.415496 UTC,0.265,0.27,7757500,2873300,1568671807407777884
2019-09-17 02:47:11.056836 UTC,0.265,0.27,7757500,2806700,1568671807407777887
2019-09-17 02:47:11.057872 UTC,0.265,0.27,8040800,2806700,1568671807407777888
2019-09-17 02:47:11.058860 UTC,0.265,0.27,8324100,2806700,1568671807407777889
2019-09-17 02:47:11.061088 UTC,0.265,0.27,8257500,2806700,1568671807407777890
2019-09-17 02:47:11.115460 UTC,0.265,0.27,8253200,2806700,1568671807407777892
2019-09-17 02:47:11.587361 UTC,0.265,0.27,8253200,2816300,1568671807407777894
2019-09-17 02:47:11.606842 UTC,0.265,0.27,8253200,2818700,1568671807407777897
2019-09-17 02:47:11.614844 UTC,0.265,0.27,8253200,2820600,1568671807407777899
2019-09-17 02:47:11.621109 UTC,0.265,0.27,8253200,2822400,1568671807407777901
2019-09-17 02:47:11.625524 UTC,0.265,0.27,8253200,2824900,1568671807407777903
2019-09-17 02:47:11.635522 UTC,0.265,0.27,8253200,2826300,1568671807407777905
2019-09-17 02:47:11.639792 UTC,0.265,0.27,8253200,2826600,1568671807407777907
2019-09-17 02:47:11.644459 UTC,0.265,0.27,8253200,2829000,1568671807407777909
2019-09-17 02:47:11.652529 UTC,0.265,0.27,8253200,2829300,1568671807407777911
2019-09-17 02:47:11.656789 UTC,0.265,0.27,8253200,2829400,1568671807407777913
2019-09-17 02:47:11.777485 UTC,0.265,0.27,8254000,2829400,1568671807407777914
2019-09-17 02:47:12.056897 UTC,0.265,0.27,8254000,2822300,1568671807407777915
2019-09-17 02:47:12.061163 UTC,0.265,0.27,8246900,2822300,1568671807407777916
2019-09-17 02:47:12.114741 UTC,0.265,0.27,8246900,2894300,1568671807407777918
2019-09-17 02:47:13.056848 UTC,0.265,0.27,8246900,2890700,1568671807407777920
2019-09-17 02:47:13.061237 UTC,0.265,0.27,8243300,2890700,1568671807407777921
2019-09-17 02:47:14.215441 UTC,0.265,0.27,8243300,4634600,1568671807407777923
2019-09-17 02:47:14.216311 UTC,0.265,0.27,8243300,5458400,1568671807407777924
2019-09-17 02:47:14.218011 UTC,0.265,0.27,8243300,7084600,1568671807407777925
2019-09-17 02:47:14.220757 UTC,0.265,0.27,8243300,8664100,1568671807407777926
2019-09-17 02:47:14.222592 UTC,0.265,0.27,8243300,9772700,1568671807407777927
2019-09-17 02:47:16.572788 UTC,0.265,0.27,7243300,9772700,1568671807407777928
2019-09-17 02:47:20.164802 UTC,0.265,0.27,7243300,9780100,1568671807407777930
2019-09-17 02:47:23.963435 UTC,0.265,0.27,7243300,9782800,1568671807407777932
2019-09-17 02:47:23.965902 UTC,0.265,0.27,7243300,9788400,1568671807407777934
2019-09-17 02:47:25.905932 UTC,0.265,0.27,6743300,9788400,1568671807407777935
2019-09-17 02:47:25.909255 UTC,0.265,0.27,6243300,9788400,1568671807407777936
2019-09-17 02:47:25.912513 UTC,0.265,0.27,5743300,9788400,1568671807407777937
2019-09-17 02:47:29.627921 UTC,0.265,0.27,5743300,8679800,1568671807407777938
2019-09-17 02:47:29.711215 UTC,0.265,0.27,5743300,8367900,1568671807407777939
2019-09-17 02:47:29.714550 UTC,0.265,0.27,5743300,6788400,1568671807407777940
2019-09-17 02:47:30.553351 UTC,0.265,0.27,5743300,6969400,1568671807407777942
2019-09-17 02:47:30.820691 UTC,0.265,0.27,5869000,6969400,1568671807407777943
2019-09-17 02:47:32.537931 UTC,0.265,0.27,5869000,6970000,1568671807407777945
2019-09-17 02:47:35.803449 UTC,0.265,0.27,6369000,6970000,1568671807407777946
2019-09-17 02:47:42.262717 UTC,0.265,0.27,6371000,6970000,1568671807407777947
2019-09-17 02:47:47.950195 UTC,0.265,0.27,6371100,6970000,1568671807407777949
2019-09-17 02:47:53.085171 UTC,0.265,0.27,6371100,6970300,1568671807407777950
2019-09-17 02:47:53.085407 UTC,0.265,0.27,6371100,7170300,1568671807407777952
2019-09-17 02:48:01.332770 UTC,0.265,0.27,6367100,7170300,1568671807407777957
2019-09-17 02:48:09.699622 UTC,0.265,0.27,6367100,8670300,1568671807407777960
2019-09-17 02:48:10.018290 UTC,0.265,0.27,6367100,8670900,1568671807407777961
2019-09-17 02:48:25.806186 UTC,0.265,0.27,6409200,8670900,1568671807407777968
2019-09-17 02:48:32.005278 UTC,0.265,0.27,6406200,8670900,1568671807407777970
2019-09-17 02:48:32.006941 UTC,0.265,0.27,6406200,8667500,1568671807407777971
2019-09-17 02:48:33.309615 UTC,0.265,0.27,6406100,8667500,1568671807407777973
2019-09-17 02:48:33.547021 UTC,0.265,0.27,6406000,8667500,1568671807407777975
2019-09-17 02:48:33.714362 UTC,0.265,0.27,6405900,8667500,1568671807407777977
2019-09-17 02:48:33.924033 UTC,0.265,0.27,6405800,8667500,1568671807407777979
2019-09-17 02:48:34.057507 UTC,0.265,0.27,6405700,8667500,1568671807407777981
2019-09-17 02:48:34.210359 UTC,0.265,0.27,6405600,8667500,1568671807407777983
2019-09-17 02:48:34.387084 UTC,0.265,0.27,6405500,8667500,1568671807407777985
2019-09-17 02:48:34.561356 UTC,0.265,0.27,6405400,8667500,1568671807407777987
2019-09-17 02:48:35.006277 UTC,0.265,0.27,6405500,8667500,1568671807407777989
2019-09-17 02:48:35.180930 UTC,0.265,0.27,6405400,8667500,1568671807407777990
2019-09-17 02:48:35.333588 UTC,0.265,0.27,6405300,8667500,1568671807407777992
2019-09-17 02:48:35.521818 UTC,0.265,0.27,6405200,8667500,1568671807407777994
2019-09-17 02:48:35.681581 UTC,0.265,0.27,6405100,8667500,1568671807407777996
2019-09-17 02:48:35.970741 UTC,0.265,0.27,6405000,8667500,1568671807407777998
2019-09-17 02:48:36.269508 UTC,0.265,0.27,6404900,8667500,1568671807407778000
2019-09-17 02:48:36.274445 UTC,0.265,0.27,6404800,8667500,1568671807407778002
2019-09-17 02:48:36.529453 UTC,0.265,0.27,6404700,8667500,1568671807407778004
2019-09-17 02:48:36.585401 UTC,0.265,0.27,6404600,8667500,1568671807407778006
2019-09-17 02:48:37.807014 UTC,0.265,0.27,6404500,8667500,1568671807407778008
2019-09-17 02:48:37.811180 UTC,0.265,0.27,6404400,8667500,1568671807407778010
2019-09-17 02:48:37.814935 UTC,0.265,0.27,6404300,8667500,1568671807407778012
2019-09-17 02:48:37.818066 UTC,0.265,0.27,6404200,8667500,1568671807407778014
2019-09-17 02:48:37.820551 UTC,0.265,0.27,6404100,8667500,1568671807407778016
2019-09-17 02:48:37.822840 UTC,0.265,0.27,6404000,8667500,1568671807407778018
2019-09-17 02:48:38.007710 UTC,0.265,0.27,6403900,8667500,1568671807407778020
2019-09-17 02:48:38.151809 UTC,0.265,0.27,6403800,8667500,1568671807407778022
2019-09-17 02:48:38.329312 UTC,0.265,0.27,6403700,8667500,1568671807407778024
2019-09-17 02:48:38.494076 UTC,0.265,0.27,6403600,8667500,1568671807407778026
2019-09-17 02:48:38.673086 UTC,0.265,0.27,6403500,8667500,1568671807407778028
2019-09-17 02:48:38.805320 UTC,0.265,0.27,6403400,8667500,1568671807407778030
2019-09-17 02:48:39.093370 UTC,0.265,0.27,6403300,8667500,1568671807407778032
2019-09-17 02:48:39.259623 UTC,0.265,0.27,6403200,8667500,1568671807407778034
2019-09-17 02:48:39.417278 UTC,0.265,0.27,6403100,8667500,1568671807407778036
2019-09-17 02:48:39.553095 UTC,0.265,0.27,6403000,8667500,1568671807407778038
2019-09-17 02:48:39.844353 UTC,0.265,0.27,6402900,8667500,1568671807407778040
2019-09-17 02:48:40.066210 UTC,0.265,0.27,6402800,8667500,1568671807407778042
2019-09-17 02:48:40.204681 UTC,0.265,0.27,6402700,8667500,1568671807407778044
2019-09-17 02:48:40.376748 UTC,0.265,0.27,6402600,8667500,1568671807407778046
2019-09-17 02:48:40.529765 UTC,0.265,0.27,6402500,8667500,1568671807407778048
2019-09-17 02:48:40.713580 UTC,0.265,0.27,6402400,8667500,1568671807407778050
2019-09-17 02:48:40.865174 UTC,0.265,0.27,6402300,8667500,1568671807407778052
2019-09-17 02:48:41.009211 UTC,0.265,0.27,6402200,8667500,1568671807407778054
2019-09-17 02:48:41.186794 UTC,0.265,0.27,6402100,8667500,1568671807407778056
2019-09-17 02:48:41.342389 UTC,0.265,0.27,6402000,8667500,1568671807407778058
2019-09-17 02:48:41.532220 UTC,0.265,0.27,6401900,8667500,1568671807407778060
2019-09-17 02:48:41.676674 UTC,0.265,0.27,6401800,8667500,1568671807407778062
2019-09-17 02:48:41.839040 UTC,0.265,0.27,6401700,8667500,1568671807407778064
2019-09-17 02:48:42.033526 UTC,0.265,0.27,6401600,8667500,1568671807407778066
2019-09-17 02:48:42.176086 UTC,0.265,0.27,6401500,8667500,1568671807407778068
2019-09-17 02:48:42.345225 UTC,0.265,0.27,6401400,8667500,1568671807407778070
2019-09-17 02:48:42.497421 UTC,0.265,0.27,6401300,8667500,1568671807407778072
2019-09-17 02:48:42.649462 UTC,0.265,0.27,6401200,8667500,1568671807407778074
2019-09-17 02:48:42.817592 UTC,0.265,0.27,6401100,8667500,1568671807407778076
2019-09-17 02:48:42.986067 UTC,0.265,0.27,6401000,8667500,1568671807407778078
2019-09-17 02:48:43.209176 UTC,0.265,0.27,6400900,8667500,1568671807407778080
2019-09-17 02:48:43.810239 UTC,0.265,0.27,6400800,8667500,1568671807407778082
2019-09-17 02:48:43.986167 UTC,0.265,0.27,6400700,8667500,1568671807407778084
2019-09-17 02:48:44.144754 UTC,0.265,0.27,6400600,8667500,1568671807407778086
2019-09-17 02:48:44.305644 UTC,0.265,0.27,6400500,8667500,1568671807407778088
2019-09-17 02:48:44.468510 UTC,0.265,0.27,6400400,8667500,1568671807407778090
2019-09-17 02:48:44.631535 UTC,0.265,0.27,6400300,8667500,1568671807407778092
2019-09-17 02:48:44.800197 UTC,0.265,0.27,6400200,8667500,1568671807407778094
2019-09-17 02:48:44.923328 UTC,0.265,0.27,6250200,8667500,1568671807407778096
2019-09-17 02:48:45.612018 UTC,0.265,0.27,6250100,8667500,1568671807407778097
2019-09-17 02:48:45.777190 UTC,0.265,0.27,6250000,8667500,1568671807407778099
2019-09-17 02:48:45.936522 UTC,0.265,0.27,6249900,8667500,1568671807407778101
2019-09-17 02:48:46.114972 UTC,0.265,0.27,6249800,8667500,1568671807407778103
2019-09-17 02:48:46.272447 UTC,0.265,0.27,6249700,8667500,1568671807407778105
2019-09-17 02:48:46.424529 UTC,0.265,0.27,6249600,8667500,1568671807407778107
2019-09-17 02:48:46.610986 UTC,0.265,0.27,6249500,8667500,1568671807407778109
2019-09-17 02:48:46.721810 UTC,0.265,0.27,6249400,8667500,1568671807407778111
2019-09-17 02:48:47.233244 UTC,0.265,0.27,6249300,8667500,1568671807407778113
2019-09-17 02:48:47.400190 UTC,0.265,0.27,6249200,8667500,1568671807407778115
2019-09-17 02:48:47.608468 UTC,0.265,0.27,6249100,8667500,1568671807407778117
2019-09-17 02:48:47.768883 UTC,0.265,0.27,6249000,8667500,1568671807407778119
2019-09-17 02:48:47.935729 UTC,0.265,0.27,6248900,8667500,1568671807407778121
2019-09-17 02:48:48.088966 UTC,0.265,0.27,6248800,8667500,1568671807407778123
2019-09-17 02:48:48.266264 UTC,0.265,0.27,6248700,8667500,1568671807407778125
2019-09-17 02:48:48.449598 UTC,0.265,0.27,6248600,8667500,1568671807407778127
2019-09-17 02:48:48.932826 UTC,0.265,0.27,6248500,8667500,1568671807407778129
2019-09-17 02:48:49.095663 UTC,0.265,0.27,6248400,8667500,1568671807407778131
2019-09-17 02:48:49.266512 UTC,0.265,0.27,6248300,8667500,1568671807407778133
2019-09-17 02:48:49.433329 UTC,0.265,0.27,6248200,8667500,1568671807407778135
2019-09-17 02:48:49.607084 UTC,0.265,0.27,6248100,8667500,1568671807407778137
2019-09-17 02:48:49.768647 UTC,0.265,0.27,6248000,8667500,1568671807407778140
2019-09-17 02:48:49.937694 UTC,0.265,0.27,6247900,8667500,1568671807407778142
2019-09-17 02:48:50.113340 UTC,0.265,0.27,6247800,8667500,1568671807407778144
2019-09-17 02:48:50.265644 UTC,0.265,0.27,6247700,8667500,1568671807407778146
2019-09-17 02:48:50.433876 UTC,0.265,0.27,6247600,8667500,1568671807407778148
2019-09-17 02:48:50.613247 UTC,0.265,0.27,6247500,8667500,1568671807407778150
2019-09-17 02:48:50.808583 UTC,0.265,0.27,6247400,8667500,1568671807407778152
2019-09-17 02:48:50.993158 UTC,0.265,0.27,6247300,8667500,1568671807407778154
2019-09-17 02:48:51.177209 UTC,0.265,0.27,6247200,8667500,1568671807407778156
2019-09-17 02:48:51.361292 UTC,0.265,0.27,6247100,8667500,1568671807407778158
2019-09-17 02:48:51.528537 UTC,0.265,0.27,6247000,8667500,1568671807407778160
2019-09-17 02:48:51.705079 UTC,0.265,0.27,6246900,8667500,1568671807407778162
2019-09-17 02:48:51.865606 UTC,0.265,0.27,6246800,8667500,1568671807407778164
2019-09-17 02:48:52.042965 UTC,0.265,0.27,6246700,8667500,1568671807407778166
2019-09-17 02:48:52.382329 UTC,0.265,0.27,6246600,8667500,1568671807407778168
2019-09-17 02:48:52.729297 UTC,0.265,0.27,6246500,8667500,1568671807407778170
2019-09-17 02:48:52.905507 UTC,0.265,0.27,6246400,8667500,1568671807407778172
2019-09-17 02:48:53.089591 UTC,0.265,0.27,6246300,8667500,1568671807407778174
2019-09-17 02:48:53.249004 UTC,0.265,0.27,6246200,8667500,1568671807407778176
2019-09-17 02:48:53.417522 UTC,0.265,0.27,6246100,8667500,1568671807407778178
2019-09-17 02:48:53.608926 UTC,0.265,0.27,6246000,8667500,1568671807407778180
2019-09-17 02:48:53.825911 UTC,0.265,0.27,6245900,8667500,1568671807407778182
2019-09-17 02:48:55.683881 UTC,0.265,0.27,6245800,8667500,1568671807407778184
2019-09-17 02:48:55.839055 UTC,0.265,0.27,6245700,8667500,1568671807407778186
2019-09-17 02:48:55.991235 UTC,0.265,0.27,6245600,8667500,1568671807407778188
2019-09-17 02:48:56.171314 UTC,0.265,0.27,6245500,8667500,1568671807407778190
2019-09-17 02:48:56.336906 UTC,0.265,0.27,6245400,8667500,1568671807407778192
2019-09-17 02:48:56.479475 UTC,0.265,0.27,6245300,8667500,1568671807407778194
2019-09-17 02:48:56.640379 UTC,0.265,0.27,6165300,8667500,1568671807407778196
2019-09-17 02:48:56.672653 UTC,0.265,0.27,6165200,8667500,1568671807407778197
2019-09-17 02:48:56.832158 UTC,0.265,0.27,6165100,8667500,1568671807407778199
2019-09-17 02:48:57.008861 UTC,0.265,0.27,6165000,8667500,1568671807407778201
2019-09-17 02:48:57.168362 UTC,0.265,0.27,6164900,8667500,1568671807407778203
2019-09-17 02:48:57.328151 UTC,0.265,0.27,6164800,8667500,1568671807407778205
2019-09-17 02:48:57.497871 UTC,0.265,0.27,6164700,8667500,1568671807407778207
2019-09-17 02:48:57.586852 UTC,0.265,0.27,6164700,8670200,1568671807407778209
2019-09-17 02:48:57.600419 UTC,0.265,0.27,6164700,8670900,1568671807407778212
2019-09-17 02:48:57.604563 UTC,0.265,0.27,6164700,8671600,1568671807407778214
2019-09-17 02:48:57.608940 UTC,0.265,0.27,6164700,8672300,1568671807407778216
2019-09-17 02:48:57.613404 UTC,0.265,0.27,6164700,8673000,1568671807407778218
2019-09-17 02:48:57.617867 UTC,0.265,0.27,6164700,8673800,1568671807407778220
2019-09-17 02:48:57.672787 UTC,0.265,0.27,6164600,8673800,1568671807407778221
2019-09-17 02:48:57.949422 UTC,0.265,0.27,6164500,8673800,1568671807407778223
2019-09-17 02:48:58.041272 UTC,0.265,0.27,6164400,8673800,1568671807407778225
2019-09-17 02:48:58.530738 UTC,0.265,0.27,6164300,8673800,1568671807407778227
2019-09-17 02:48:58.536305 UTC,0.265,0.27,6164200,8673800,1568671807407778229
2019-09-17 02:48:58.552861 UTC,0.265,0.27,6164100,8673800,1568671807407778231
2019-09-17 02:48:58.770269 UTC,0.265,0.27,6164000,8673800,1568671807407778233
2019-09-17 02:48:59.082834 UTC,0.265,0.27,6163900,8673800,1568671807407778235
2019-09-17 02:48:59.276685 UTC,0.265,0.27,6163800,8673800,1568671807407778237
2019-09-17 02:48:59.440529 UTC,0.265,0.27,6163700,8673800,1568671807407778239
2019-09-17 02:48:59.633002 UTC,0.265,0.27,6163600,8673800,1568671807407778241
2019-09-17 02:49:00.479329 UTC,0.265,0.27,6163500,8673800,1568671807407778243
2019-09-17 02:49:00.482858 UTC,0.265,0.27,6163400,8673800,1568671807407778245
2019-09-17 02:49:00.663209 UTC,0.265,0.27,6163300,8673800,1568671807407778247
2019-09-17 02:49:00.843309 UTC,0.265,0.27,6163200,8673800,1568671807407778249
2019-09-17 02:49:01.000541 UTC,0.265,0.27,6163100,8673800,1568671807407778251
2019-09-17 02:49:01.176731 UTC,0.265,0.27,6163000,8673800,1568671807407778253
2019-09-17 02:49:01.367526 UTC,0.265,0.27,6162900,8673800,1568671807407778255
2019-09-17 02:49:01.717439 UTC,0.265,0.27,6162800,8673800,1568671807407778257
2019-09-17 02:49:01.906160 UTC,0.265,0.27,6162700,8673800,1568671807407778259
2019-09-17 02:49:02.081970 UTC,0.265,0.27,6162600,8673800,1568671807407778261
2019-09-17 02:49:02.266132 UTC,0.265,0.27,6162500,8673800,1568671807407778263
2019-09-17 02:49:02.458915 UTC,0.265,0.27,6162400,8673800,1568671807407778265
2019-09-17 02:49:02.612283 UTC,0.265,0.27,6162300,8673800,1568671807407778267
2019-09-17 02:49:02.784167 UTC,0.265,0.27,6162200,8673800,1568671807407778269
2019-09-17 02:49:02.987171 UTC,0.265,0.27,6162100,8673800,1568671807407778271
2019-09-17 02:49:03.168815 UTC,0.265,0.27,6162000,8673800,1568671807407778273
2019-09-17 02:49:03.336999 UTC,0.265,0.27,6161900,8673800,1568671807407778275
2019-09-17 02:49:03.495772 UTC,0.265,0.27,6161800,8673800,1568671807407778277
2019-09-17 02:49:03.713033 UTC,0.265,0.27,6161700,8673800,1568671807407778279
2019-09-17 02:49:04.411732 UTC,0.265,0.27,6161600,8673800,1568671807407778281
2019-09-17 02:49:04.865666 UTC,0.265,0.27,6161500,8673800,1568671807407778283
2019-09-17 02:49:05.016519 UTC,0.265,0.27,6161400,8673800,1568671807407778285
2019-09-17 02:49:05.186097 UTC,0.265,0.27,6161300,8673800,1568671807407778287
2019-09-17 02:49:05.343959 UTC,0.265,0.27,6161200,8673800,1568671807407778289
2019-09-17 02:49:05.530336 UTC,0.265,0.27,6161100,8673800,1568671807407778291
2019-09-17 02:49:05.720968 UTC,0.265,0.27,6161000,8673800,1568671807407778293
2019-09-17 02:49:06.140143 UTC,0.265,0.27,6160900,8673800,1568671807407778295
2019-09-17 02:49:06.268567 UTC,0.265,0.27,6160800,8673800,1568671807407778297
2019-09-17 02:49:06.448455 UTC,0.265,0.27,6160700,8673800,1568671807407778299
2019-09-17 02:49:06.640091 UTC,0.265,0.27,6160600,8673800,1568671807407778301
2019-09-17 02:49:07.352214 UTC,0.265,0.27,6160500,8673800,1568671807407778303
2019-09-17 02:49:07.355629 UTC,0.265,0.27,6160400,8673800,1568671807407778305
2019-09-17 02:49:07.358895 UTC,0.265,0.27,6160300,8673800,1568671807407778307
2019-09-17 02:49:07.361594 UTC,0.265,0.27,6160200,8673800,1568671807407778309
2019-09-17 02:49:07.536335 UTC,0.265,0.27,6160100,8673800,1568671807407778311
2019-09-17 02:49:07.640732 UTC,0.265,0.27,6167700,8673800,1568671807407778314
2019-09-17 02:49:07.720800 UTC,0.265,0.27,6167600,8673800,1568671807407778315
2019-09-17 02:49:08.353180 UTC,0.265,0.27,6167500,8673800,1568671807407778317
2019-09-17 02:49:08.527304 UTC,0.265,0.27,6167400,8673800,1568671807407778319
2019-09-17 02:49:08.713605 UTC,0.265,0.27,6167300,8673800,1568671807407778321
2019-09-17 02:49:09.065800 UTC,0.265,0.27,6167200,8673800,1568671807407778323
2019-09-17 02:49:09.245099 UTC,0.265,0.27,6167100,8673800,1568671807407778325
2019-09-17 02:49:09.431015 UTC,0.265,0.27,6167000,8673800,1568671807407778327
2019-09-17 02:49:09.600189 UTC,0.265,0.27,6166900,8673800,1568671807407778329
2019-09-17 02:49:09.786134 UTC,0.265,0.27,6166800,8673800,1568671807407778331
2019-09-17 02:49:09.960701 UTC,0.265,0.27,6166700,8673800,1568671807407778333
2019-09-17 02:49:10.127594 UTC,0.265,0.27,6166600,8673800,1568671807407778335
2019-09-17 02:49:10.288367 UTC,0.265,0.27,6166500,8673800,1568671807407778337
2019-09-17 02:49:10.469710 UTC,0.265,0.27,6166400,8673800,1568671807407778339
2019-09-17 02:49:10.639801 UTC,0.265,0.27,6166300,8673800,1568671807407778341
2019-09-17 02:49:10.823658 UTC,0.265,0.27,6166200,8673800,1568671807407778343
2019-09-17 02:49:11.016487 UTC,0.265,0.27,6166100,8673800,1568671807407778345
2019-09-17 02:49:11.922836 UTC,0.265,0.27,6166000,8673800,1568671807407778347
2019-09-17 02:49:12.097709 UTC,0.265,0.27,6165900,8673800,1568671807407778349
2019-09-17 02:49:12.255936 UTC,0.265,0.27,6165800,8673800,1568671807407778351
2019-09-17 02:49:12.423499 UTC,0.265,0.27,6165900,8673800,1568671807407778353
2019-09-17 02:49:12.423935 UTC,0.265,0.27,6165800,8673800,1568671807407778354
2019-09-17 02:49:13.682133 UTC,0.265,0.27,6165700,8673800,1568671807407778356
2019-09-17 02:49:13.856809 UTC,0.265,0.27,6165600,8673800,1568671807407778358
2019-09-17 02:49:14.028831 UTC,0.265,0.27,6165500,8673800,1568671807407778360
2019-09-17 02:49:14.052552 UTC,0.265,0.27,6163500,8673800,1568671807407778362
2019-09-17 02:49:14.210500 UTC,0.265,0.27,6163400,8673800,1568671807407778363
2019-09-17 02:49:14.378130 UTC,0.265,0.27,6163300,8673800,1568671807407778365
2019-09-17 02:49:14.552691 UTC,0.265,0.27,6163200,8673800,1568671807407778367
2019-09-17 02:49:14.712746 UTC,0.265,0.27,6163100,8673800,1568671807407778369
2019-09-17 02:49:14.890615 UTC,0.265,0.27,6163000,8673800,1568671807407778371
2019-09-17 02:49:15.058893 UTC,0.265,0.27,6162900,8673800,1568671807407778373
